,time,price,pchange,change,volume,amount,type
0,15:00:03,10.84,-3.30,-0.01,1529,1657436,中性盘
1,14:57:03,10.85,-3.21,0.01,34,36890,买盘
2,14:56:57,10.84,-3.30,-0.01,26,28184,卖盘
3,14:56:54,10.85,-3.21,0.0,1,1085,买盘
4,14:56:51,10.85,-3.21,0.0,35,37975,卖盘
5,14:56:48,10.85,-3.21,-0.01,149,161665,卖盘
6,14:56:45,10.86,-3.12,0.0,106,115116,买盘
7,14:56:39,10.86,-3.12,-0.01,106,115116,中性盘
8,14:56:36,10.87,-3.03,0.01,148,160876,买盘
9,14:56:30,10.86,-3.12,0.0,36,39096,中性盘
10,14:56:30,10.86,-3.12,0.0,36,39096,买盘
11,14:56:27,10.86,-3.12,0.0,24,26064,买盘
12,14:56:24,10.86,-3.12,-0.01,28,30408,中性盘
13,14:56:21,10.87,-3.03,0.01,124,134788,买盘
14,14:56:18,10.86,-3.12,-0.01,6,6516,卖盘
15,14:56:15,10.87,-3.03,0.03,37,40219,买盘
16,14:56:06,10.84,-3.30,-0.02,226,244984,卖盘
17,14:56:03,10.86,-3.12,0.01,341,370326,买盘
18,14:56:00,10.85,-3.21,0.0,95,103075,买盘
19,14:55:54,10.85,-3.21,0.0,41,44485,买盘
20,14:55:51,10.85,-3.21,0.0,15,16275,卖盘
21,14:55:48,10.85,-3.21,-0.01,352,381920,卖盘
22,14:55:45,10.86,-3.12,0.01,1,1086,买盘
23,14:55:42,10.85,-3.21,0.0,21,22785,卖盘
24,14:55:39,10.85,-3.21,0.0,25,27125,卖盘
25,14:55:36,10.85,-3.21,0.0,12,13020,卖盘
26,14:55:33,10.85,-3.21,0.0,82,88970,卖盘
27,14:55:30,10.85,-3.21,0.0,96,104160,买盘
28,14:55:27,10.85,-3.21,-0.01,28,30380,买盘
29,14:55:21,10.86,-3.12,0.0,62,67332,买盘
30,14:55:18,10.86,-3.12,0.0,16,17376,买盘
31,14:55:15,10.86,-3.12,0.01,31,33666,买盘
32,14:55:12,10.85,-3.21,0.0,32,34720,买盘
33,14:55:09,10.85,-3.21,-0.02,268,290780,卖盘
34,14:55:06,10.87,-3.03,0.0,96,104352,买盘
35,14:55:03,10.87,-3.03,0.01,6,6522,买盘
36,14:55:00,10.86,-3.12,-0.01,2,2172,中性盘
37,14:54:54,10.87,-3.03,0.0,24,26088,买盘
38,14:54:51,10.87,-3.03,0.0,27,29349,买盘
39,14:54:48,10.87,-3.03,0.0,84,91308,卖盘
40,14:54:45,10.87,-3.03,0.0,93,101091,卖盘
41,14:54:42,10.87,-3.03,0.0,274,297838,卖盘
42,14:54:39,10.87,-3.03,-0.01,61,66307,卖盘
43,14:54:36,10.88,-2.94,0.01,11,11968,买盘
44,14:54:33,10.87,-3.03,0.0,68,73916,卖盘
45,14:54:30,10.87,-3.03,-0.01,275,298925,卖盘
46,14:54:27,10.88,-2.94,0.0,233,253504,买盘
47,14:54:21,10.88,-2.94,0.0,20,21760,买盘
48,14:54:18,10.88,-2.94,0.0,13,14144,买盘
49,14:54:15,10.88,-2.94,0.0,28,30464,买盘
50,14:54:12,10.88,-2.94,0.0,14,15232,买盘
51,14:54:09,10.88,-2.94,0.0,169,183872,卖盘
52,14:54:06,10.88,-2.94,0.0,137,149056,卖盘
53,14:54:03,10.88,-2.94,0.0,93,101184,卖盘
54,14:54:00,10.88,-2.94,0.0,47,51136,卖盘
55,14:53:57,10.88,-2.94,-0.01,26,28288,卖盘
56,14:53:54,10.89,-2.85,0.01,48,52272,买盘
57,14:53:51,10.88,-2.94,0.0,25,27200,买盘
58,14:53:48,10.88,-2.94,0.0,27,29376,买盘
59,14:53:45,10.88,-2.94,0.03,142,154496,买盘
60,14:53:39,10.85,-3.21,-0.03,63,68355,卖盘
61,14:53:33,10.88,-2.94,0.03,6,6528,买盘
62,14:53:30,10.85,-3.21,0.0,290,314650,卖盘
63,14:53:27,10.85,-3.21,0.0,110,119350,卖盘
64,14:53:24,10.85,-3.21,0.0,135,146475,买盘
65,14:53:21,10.85,-3.21,0.01,92,99820,买盘
66,14:53:18,10.84,-3.30,0.0,30,32520,卖盘
67,14:53:12,10.84,-3.30,0.0,8,8672,卖盘
68,14:53:09,10.84,-3.30,0.01,130,140920,买盘
69,14:53:03,10.83,-3.39,0.0,64,69312,中性盘
70,14:53:03,10.83,-3.39,0.0,64,69312,卖盘
71,14:53:00,10.83,-3.39,0.0,74,80142,买盘
72,14:52:57,10.83,-3.39,0.01,19,20577,买盘
73,14:52:54,10.82,-3.48,-0.01,24,25968,卖盘
74,14:52:51,10.83,-3.39,0.0,25,27075,买盘
75,14:52:48,10.83,-3.39,0.01,8,8664,买盘
76,14:52:45,10.82,-3.48,0.01,15,16230,买盘
77,14:52:42,10.81,-3.57,-0.01,18,19458,卖盘
78,14:52:39,10.82,-3.48,0.01,39,42198,买盘
79,14:52:36,10.81,-3.57,0.0,67,72427,卖盘
80,14:52:33,10.81,-3.57,0.0,139,150259,买盘
81,14:52:30,10.81,-3.57,0.0,11,11891,买盘
82,14:52:27,10.81,-3.57,0.0,21,22701,买盘
83,14:52:24,10.81,-3.57,0.01,5,5405,买盘
84,14:52:21,10.8,-3.66,0.0,8,8640,卖盘
85,14:52:18,10.8,-3.66,-0.01,5,5400,卖盘
86,14:52:15,10.81,-3.57,0.01,91,98371,买盘
87,14:52:12,10.8,-3.66,0.0,70,75600,买盘
88,14:52:06,10.8,-3.66,0.0,44,47520,买盘
89,14:52:03,10.8,-3.66,0.0,25,27000,买盘
90,14:52:00,10.8,-3.66,0.01,10,10800,买盘
91,14:51:57,10.79,-3.75,0.0,1,1079,卖盘
92,14:51:54,10.79,-3.75,-0.01,12,12948,卖盘
93,14:51:51,10.8,-3.66,0.01,93,100440,买盘
94,14:51:48,10.79,-3.75,0.0,70,75530,买盘
95,14:51:45,10.79,-3.75,-0.01,30,32370,卖盘
96,14:51:42,10.8,-3.66,0.01,210,226800,买盘
97,14:51:36,10.79,-3.75,0.0,50,53950,卖盘
98,14:51:30,10.79,-3.75,0.01,41,44239,买盘
99,14:51:27,10.78,-3.84,0.0,10,10780,卖盘
100,14:51:24,10.78,-3.84,-0.01,33,35574,卖盘
101,14:51:21,10.79,-3.75,0.01,108,116532,买盘
102,14:51:18,10.78,-3.84,0.01,31,33418,中性盘
103,14:51:09,10.77,-3.93,-0.01,551,593427,卖盘
104,14:51:06,10.78,-3.84,0.01,12,12936,买盘
105,14:51:03,10.77,-3.93,-0.01,47,50619,卖盘
106,14:51:00,10.78,-3.84,0.0,9,9702,买盘
107,14:50:57,10.78,-3.84,0.0,151,162778,买盘
108,14:50:54,10.78,-3.84,0.01,5,5390,买盘
109,14:50:51,10.77,-3.93,0.0,7,7539,卖盘
110,14:50:48,10.77,-3.93,0.0,17,18309,卖盘
111,14:50:45,10.77,-3.93,0.0,153,164781,买盘
112,14:50:42,10.77,-3.93,0.0,38,40926,买盘
113,14:50:39,10.77,-3.93,0.01,42,45234,买盘
114,14:50:36,10.76,-4.01,0.0,42,45192,买盘
115,14:50:33,10.76,-4.01,-0.01,299,321724,卖盘
116,14:50:30,10.77,-3.93,0.0,340,366180,买盘
117,14:50:27,10.77,-3.93,0.01,25,26925,买盘
118,14:50:24,10.76,-4.01,0.0,100,107600,卖盘
119,14:50:21,10.76,-4.01,0.0,10,10760,卖盘
120,14:50:15,10.76,-4.01,0.0,290,312040,买盘
121,14:50:12,10.76,-4.01,0.0,60,64560,买盘
122,14:50:09,10.76,-4.01,0.0,76,81776,买盘
123,14:50:06,10.76,-4.01,0.0,82,88232,买盘
124,14:50:03,10.76,-4.01,0.0,11,11836,买盘
125,14:50:00,10.76,-4.01,0.0,42,45192,买盘
126,14:49:57,10.76,-4.01,0.0,101,108676,买盘
127,14:49:54,10.76,-4.01,0.0,16,17216,买盘
128,14:49:51,10.76,-4.01,0.0,101,108676,买盘
129,14:49:48,10.76,-4.01,0.0,182,195832,买盘
130,14:49:45,10.76,-4.01,0.0,56,60256,买盘
131,14:49:42,10.76,-4.01,0.0,71,76396,买盘
132,14:49:39,10.76,-4.01,0.0,131,140956,中性盘
133,14:49:39,10.76,-4.01,0.01,131,140956,买盘
134,14:49:36,10.75,-4.10,0.01,106,113950,买盘
135,14:49:33,10.74,-4.19,0.01,541,581034,买盘
136,14:49:30,10.73,-4.28,0.0,250,268250,卖盘
137,14:49:27,10.73,-4.28,-0.01,233,250009,卖盘
138,14:49:24,10.74,-4.19,0.01,203,218022,买盘
139,14:49:21,10.73,-4.28,0.0,117,125541,买盘
140,14:49:18,10.73,-4.28,0.01,68,72964,买盘
141,14:49:15,10.72,-4.37,-0.01,89,95408,卖盘
142,14:49:12,10.73,-4.28,0.0,75,80475,买盘
143,14:49:09,10.73,-4.28,-0.01,40,42920,卖盘
144,14:49:06,10.74,-4.19,0.0,166,178284,买盘
145,14:49:03,10.74,-4.19,0.02,236,253464,买盘
146,14:49:00,10.72,-4.37,-0.01,81,86832,中性盘
147,14:48:57,10.73,-4.28,0.0,136,145928,买盘
148,14:48:54,10.73,-4.28,0.0,215,230695,买盘
149,14:48:51,10.73,-4.28,0.01,216,231768,买盘
150,14:48:48,10.72,-4.37,-0.01,45,48240,卖盘
151,14:48:45,10.73,-4.28,0.0,49,52577,买盘
152,14:48:42,10.73,-4.28,0.02,26,27898,买盘
153,14:48:39,10.71,-4.46,-0.02,24,25704,中性盘
154,14:48:36,10.73,-4.28,0.0,500,536500,买盘
155,14:48:33,10.73,-4.28,0.01,20,21460,买盘
156,14:48:27,10.72,-4.37,0.0,68,72896,买盘
157,14:48:24,10.72,-4.37,0.0,87,93264,买盘
158,14:48:21,10.72,-4.37,0.01,7,7504,买盘
159,14:48:18,10.71,-4.46,-0.01,19,20349,卖盘
160,14:48:15,10.72,-4.37,0.0,32,34304,买盘
161,14:48:12,10.72,-4.37,0.0,50,53600,买盘
162,14:48:09,10.72,-4.37,0.01,14,15008,买盘
163,14:48:06,10.71,-4.46,-0.01,8,8568,卖盘
164,14:48:03,10.72,-4.37,-0.01,36,38592,卖盘
165,14:47:57,10.73,-4.28,0.0,19,20387,买盘
166,14:47:54,10.73,-4.28,0.0,11,11803,卖盘
167,14:47:51,10.73,-4.28,0.0,39,41847,卖盘
168,14:47:48,10.73,-4.28,0.0,50,53650,卖盘
169,14:47:45,10.73,-4.28,0.0,28,30044,卖盘
170,14:47:42,10.73,-4.28,0.03,598,641654,买盘
171,14:47:39,10.7,-4.55,0.0,1,1070,买盘
172,14:47:36,10.7,-4.55,-0.02,1795,1920650,卖盘
173,14:47:30,10.72,-4.37,0.01,19,20368,买盘
174,14:47:27,10.71,-4.46,-0.02,37,39627,卖盘
175,14:47:24,10.73,-4.28,0.0,26,27898,买盘
176,14:47:21,10.73,-4.28,0.0,120,128760,买盘
177,14:47:15,10.73,-4.28,0.01,15,16095,中性盘
178,14:47:12,10.72,-4.37,-0.02,91,97552,卖盘
179,14:47:09,10.74,-4.19,0.02,33,35442,买盘
180,14:47:06,10.72,-4.37,-0.02,200,214400,卖盘
181,14:47:03,10.74,-4.19,0.01,6,6444,买盘
182,14:47:00,10.73,-4.28,-0.02,41,43993,卖盘
183,14:46:57,10.75,-4.10,0.0,34,36550,买盘
184,14:46:54,10.75,-4.10,0.02,23,24725,买盘
185,14:46:51,10.73,-4.28,-0.02,100,107300,卖盘
186,14:46:48,10.75,-4.10,0.0,10,10750,买盘
187,14:46:45,10.75,-4.10,-0.01,931,1000825,卖盘
188,14:46:42,10.76,-4.01,0.01,36,38736,买盘
189,14:46:36,10.75,-4.10,-0.01,177,190275,卖盘
190,14:46:33,10.76,-4.01,0.01,220,236720,买盘
191,14:46:30,10.75,-4.10,0.0,107,115025,卖盘
192,14:46:27,10.75,-4.10,-0.01,994,1068550,卖盘
193,14:46:24,10.76,-4.01,0.0,141,151716,卖盘
194,14:46:21,10.76,-4.01,0.0,1191,1281516,买盘
195,14:46:18,10.76,-4.01,0.01,10,10760,卖盘
196,14:46:15,10.75,-4.10,0.0,292,313900,卖盘
197,14:46:12,10.75,-4.10,0.0,923,992225,中性盘
198,14:46:12,10.75,-4.10,-0.01,923,992225,卖盘
199,14:46:09,10.76,-4.01,0.01,30,32280,中性盘
200,14:46:06,10.75,-4.10,-0.01,15,16125,卖盘
201,14:46:03,10.76,-4.01,0.0,13,13988,买盘
202,14:46:00,10.76,-4.01,-0.01,8,8608,卖盘
203,14:45:57,10.77,-3.93,0.01,30,32310,买盘
204,14:45:54,10.76,-4.01,0.0,54,58104,卖盘
205,14:45:51,10.76,-4.01,-0.01,79,85004,卖盘
206,14:45:48,10.77,-3.93,0.0,10,10770,买盘
207,14:45:45,10.77,-3.93,0.0,51,54927,买盘
208,14:45:42,10.77,-3.93,0.01,11,11847,买盘
209,14:45:39,10.76,-4.01,0.0,192,206592,卖盘
210,14:45:36,10.76,-4.01,-0.01,63,67788,卖盘
211,14:45:30,10.77,-3.93,0.0,29,31233,买盘
212,14:45:27,10.77,-3.93,0.0,5,5385,买盘
213,14:45:24,10.77,-3.93,0.0,278,299718,卖盘
214,14:45:21,10.77,-3.93,0.0,13,14001,卖盘
215,14:45:18,10.77,-3.93,0.0,34,36618,卖盘
216,14:45:15,10.77,-3.93,0.0,81,87237,卖盘
217,14:45:12,10.77,-3.93,0.0,159,171243,卖盘
218,14:45:09,10.77,-3.93,0.0,50,53850,卖盘
219,14:45:06,10.77,-3.93,0.0,96,103392,卖盘
220,14:45:03,10.77,-3.93,0.0,12,12924,卖盘
221,14:44:57,10.77,-3.93,0.0,64,69693,买盘
222,14:44:54,10.77,-3.93,0.0,135,145395,买盘
223,14:44:51,10.77,-3.93,0.02,10,10770,买盘
224,14:44:48,10.75,-4.10,-0.02,549,590487,卖盘
225,14:44:45,10.77,-3.93,-0.02,43,46311,卖盘
226,14:44:42,10.79,-3.75,0.0,5,5395,卖盘
227,14:44:39,10.79,-3.75,0.03,999,1078687,买盘
228,14:44:36,10.76,-4.01,-0.01,607,653132,卖盘
229,14:44:33,10.77,-3.93,-0.01,11,11847,中性盘
230,14:44:30,10.78,-3.84,0.01,503,542234,买盘
231,14:44:24,10.77,-3.93,-0.02,72,77544,卖盘
232,14:44:21,10.79,-3.75,0.0,232,250328,买盘
233,14:44:18,10.79,-3.75,0.0,150,161850,买盘
234,14:44:15,10.79,-3.75,0.0,11,11869,买盘
235,14:44:12,10.79,-3.75,0.0,30,32683,卖盘
236,14:44:09,10.79,-3.75,0.0,6,6474,卖盘
237,14:44:06,10.79,-3.75,0.0,5,6161,卖盘
238,14:44:03,10.79,-3.75,-0.01,61,65819,卖盘
239,14:44:00,10.8,-3.66,0.01,15,16200,买盘
240,14:43:57,10.79,-3.75,0.0,56,60424,卖盘
241,14:43:54,10.79,-3.75,0.0,114,123006,卖盘
242,14:43:48,10.79,-3.75,0.0,165,178035,卖盘
243,14:43:45,10.79,-3.75,0.0,1,1079,卖盘
244,14:43:42,10.79,-3.75,-0.01,2,2158,卖盘
245,14:43:39,10.8,-3.66,0.01,27,29160,买盘
246,14:43:36,10.79,-3.75,-0.01,41,44239,卖盘
247,14:43:33,10.8,-3.66,0.01,8,8640,买盘
248,14:43:30,10.79,-3.75,-0.01,1,1079,卖盘
249,14:43:27,10.8,-3.66,0.0,15,16200,买盘
250,14:43:24,10.8,-3.66,-0.01,5,5400,卖盘
251,14:43:21,10.81,-3.57,0.0,61,65941,买盘
252,14:43:18,10.81,-3.57,0.01,22,23782,买盘
253,14:43:15,10.8,-3.66,0.0,43,46440,卖盘
254,14:43:12,10.8,-3.66,-0.01,8,8640,卖盘
255,14:43:09,10.81,-3.57,0.0,77,83237,买盘
256,14:43:06,10.81,-3.57,0.0,24,25944,买盘
257,14:43:03,10.81,-3.57,0.0,2,2162,买盘
258,14:43:00,10.81,-3.57,0.0,17,18377,卖盘
259,14:42:57,10.81,-3.57,0.0,3,3243,卖盘
260,14:42:54,10.81,-3.57,0.0,24,25944,卖盘
261,14:42:51,10.81,-3.57,0.0,28,30268,卖盘
262,14:42:48,10.81,-3.57,0.0,11,11891,卖盘
263,14:42:45,10.81,-3.57,0.0,63,68103,中性盘
264,14:42:45,10.81,-3.57,0.0,63,68103,卖盘
265,14:42:42,10.81,-3.57,0.0,18,19458,卖盘
266,14:42:39,10.81,-3.57,0.0,74,79994,买盘
267,14:42:33,10.81,-3.57,0.01,214,231334,买盘
268,14:42:30,10.8,-3.66,-0.01,48,51840,卖盘
269,14:42:27,10.81,-3.57,0.0,109,117829,买盘
270,14:42:24,10.81,-3.57,0.01,5,5405,买盘
271,14:42:21,10.8,-3.66,0.0,1,1080,卖盘
272,14:42:18,10.8,-3.66,0.0,37,39960,卖盘
273,14:42:15,10.8,-3.66,0.03,244,263520,买盘
274,14:42:12,10.77,-3.93,0.0,1,1077,卖盘
275,14:42:09,10.77,-3.93,0.01,1,1077,中性盘
276,14:42:03,10.76,-4.01,0.0,13,13988,卖盘
277,14:42:00,10.76,-4.01,-0.01,184,197984,卖盘
278,14:41:57,10.77,-3.93,0.01,2,2154,卖盘
279,14:41:54,10.76,-4.01,0.0,16,17216,卖盘
280,14:41:51,10.76,-4.01,0.0,346,372296,买盘
281,14:41:48,10.76,-4.01,0.0,39,41964,买盘
282,14:41:45,10.76,-4.01,0.01,14,15064,买盘
283,14:41:42,10.75,-4.10,-0.01,55,59125,卖盘
284,14:41:39,10.76,-4.01,0.0,7,7532,买盘
285,14:41:36,10.76,-4.01,0.01,13,13988,买盘
286,14:41:33,10.75,-4.10,0.04,294,316050,买盘
287,14:41:30,10.71,-4.46,-0.01,123,131733,卖盘
288,14:41:27,10.72,-4.37,-0.01,16,17152,中性盘
289,14:41:24,10.73,-4.28,0.02,9,9657,买盘
290,14:41:21,10.71,-4.46,-0.02,41,43911,卖盘
291,14:41:18,10.73,-4.28,0.0,21,22533,买盘
292,14:41:15,10.73,-4.28,-0.01,647,694231,卖盘
293,14:41:12,10.74,-4.19,0.0,62,66588,买盘
294,14:41:09,10.74,-4.19,0.01,82,88068,买盘
295,14:41:06,10.73,-4.28,0.0,40,42920,卖盘
296,14:41:03,10.73,-4.28,0.0,13,13949,卖盘
297,14:41:00,10.73,-4.28,-0.01,15,16095,卖盘
298,14:40:57,10.74,-4.19,0.01,40,42960,中性盘
299,14:40:54,10.73,-4.28,-0.01,189,202797,卖盘
300,14:40:51,10.74,-4.19,-0.01,335,359790,卖盘
301,14:40:48,10.75,-4.10,0.0,67,72025,买盘
302,14:40:45,10.75,-4.10,0.0,33,35475,买盘
303,14:40:42,10.75,-4.10,0.0,11,11825,买盘
304,14:40:39,10.75,-4.10,0.0,23,24725,买盘
305,14:40:36,10.75,-4.10,0.0,196,210700,买盘
306,14:40:33,10.75,-4.10,0.0,31,33325,买盘
307,14:40:30,10.75,-4.10,-0.01,645,693375,卖盘
308,14:40:27,10.76,-4.01,0.0,498,535848,买盘
309,14:40:24,10.76,-4.01,0.01,14,15064,买盘
310,14:40:21,10.75,-4.10,-0.01,86,92450,卖盘
311,14:40:18,10.76,-4.01,0.0,433,465908,买盘
312,14:40:15,10.76,-4.01,0.01,146,157096,买盘
313,14:40:12,10.75,-4.10,-0.01,55,59125,卖盘
314,14:40:09,10.76,-4.01,0.0,26,27976,买盘
315,14:40:03,10.76,-4.01,0.0,222,238872,卖盘
316,14:40:00,10.76,-4.01,0.0,20,21520,卖盘
317,14:39:57,10.76,-4.01,-0.01,5,5380,卖盘
318,14:39:54,10.77,-3.93,-0.01,2,2154,中性盘
319,14:39:51,10.78,-3.84,0.0,29,31262,买盘
320,14:39:48,10.78,-3.84,0.0,483,520674,买盘
321,14:39:45,10.78,-3.84,0.0,168,181104,卖盘
322,14:39:42,10.78,-3.84,-0.01,101,108878,卖盘
323,14:39:39,10.79,-3.75,0.01,248,267592,买盘
324,14:39:36,10.78,-3.84,0.0,2,2156,卖盘
325,14:39:33,10.78,-3.84,-0.01,108,116424,卖盘
326,14:39:30,10.79,-3.75,0.01,4,4316,买盘
327,14:39:27,10.78,-3.84,0.0,172,185416,卖盘
328,14:39:24,10.78,-3.84,0.0,87,93786,卖盘
329,14:39:21,10.78,-3.84,0.0,16,17248,卖盘
330,14:39:18,10.78,-3.84,0.0,50,53900,中性盘
331,14:39:18,10.78,-3.84,-0.01,50,53900,卖盘
332,14:39:15,10.79,-3.75,0.0,81,87399,卖盘
333,14:39:12,10.79,-3.75,-0.01,191,206089,卖盘
334,14:39:09,10.8,-3.66,0.01,7,7560,买盘
335,14:39:06,10.79,-3.75,-0.01,16,17264,卖盘
336,14:39:03,10.8,-3.66,0.0,238,257353,卖盘
337,14:39:00,10.8,-3.66,0.0,98,105840,卖盘
338,14:38:57,10.8,-3.66,0.0,39,42120,卖盘
339,14:38:54,10.8,-3.66,0.0,50,54000,卖盘
340,14:38:51,10.8,-3.66,0.0,329,355320,卖盘
341,14:38:48,10.8,-3.66,0.0,185,199800,卖盘
342,14:38:45,10.8,-3.66,-0.01,568,613440,卖盘
343,14:38:42,10.81,-3.57,0.01,961,1038841,买盘
344,14:38:39,10.8,-3.66,-0.01,28,30240,卖盘
345,14:38:36,10.81,-3.57,0.01,70,75670,买盘
346,14:38:30,10.8,-3.66,0.0,11,11880,卖盘
347,14:38:27,10.8,-3.66,-0.01,510,550800,卖盘
348,14:38:24,10.81,-3.57,0.0,2,2162,买盘
349,14:38:21,10.81,-3.57,-0.01,632,683192,卖盘
350,14:38:18,10.82,-3.48,0.0,87,94134,买盘
351,14:38:15,10.82,-3.48,0.01,7,7574,买盘
352,14:38:12,10.81,-3.57,0.0,5,5405,卖盘
353,14:38:09,10.81,-3.57,-0.01,41,44321,卖盘
354,14:38:06,10.82,-3.48,0.01,20,21640,买盘
355,14:38:03,10.81,-3.57,0.0,2,2162,卖盘
356,14:37:57,10.81,-3.57,-0.01,51,55131,卖盘
357,14:37:54,10.82,-3.48,0.0,25,27050,买盘
358,14:37:51,10.82,-3.48,0.01,12,12984,买盘
359,14:37:48,10.81,-3.57,-0.01,12,12972,卖盘
360,14:37:45,10.82,-3.48,0.01,22,23804,买盘
361,14:37:42,10.81,-3.57,-0.01,21,22701,卖盘
362,14:37:39,10.82,-3.48,0.0,16,17312,买盘
363,14:37:36,10.82,-3.48,0.0,33,35706,买盘
364,14:37:33,10.82,-3.48,0.0,120,129840,卖盘
365,14:37:30,10.82,-3.48,0.0,360,389520,卖盘
366,14:37:27,10.82,-3.48,-0.01,51,55182,卖盘
367,14:37:24,10.83,-3.39,0.01,4,4332,买盘
368,14:37:21,10.82,-3.48,-0.01,11,11902,卖盘
369,14:37:18,10.83,-3.39,0.01,102,110466,买盘
370,14:37:15,10.82,-3.48,0.0,1,1082,卖盘
371,14:37:12,10.82,-3.48,0.0,13,14066,卖盘
372,14:37:09,10.82,-3.48,0.0,11,11902,卖盘
373,14:37:06,10.82,-3.48,0.0,77,83314,卖盘
374,14:37:03,10.82,-3.48,0.0,12,12984,卖盘
375,14:37:00,10.82,-3.48,-0.01,22,23804,卖盘
376,14:36:57,10.83,-3.39,0.01,46,49818,买盘
377,14:36:54,10.82,-3.48,-0.02,14,15148,卖盘
378,14:36:48,10.84,-3.30,0.0,4,4336,买盘
379,14:36:45,10.84,-3.30,0.0,508,550672,中性盘
380,14:36:42,10.84,-3.30,0.0,105,113820,卖盘
381,14:36:39,10.84,-3.30,-0.02,355,384820,卖盘
382,14:36:36,10.86,-3.12,0.02,88,95568,买盘
383,14:36:33,10.84,-3.30,0.0,13,14092,卖盘
384,14:36:30,10.84,-3.30,0.0,13,14092,卖盘
385,14:36:27,10.84,-3.30,0.0,633,686172,卖盘
386,14:36:24,10.84,-3.30,-0.01,103,111652,卖盘
387,14:36:21,10.85,-3.21,0.01,10,10850,买盘
388,14:36:18,10.84,-3.30,0.0,60,65040,卖盘
389,14:36:15,10.84,-3.30,0.0,643,697012,卖盘
390,14:36:12,10.84,-3.30,0.0,12,13008,卖盘
391,14:36:09,10.84,-3.30,0.0,11,11924,卖盘
392,14:36:06,10.84,-3.30,0.0,316,342544,卖盘
393,14:36:03,10.84,-3.30,0.0,26,28184,卖盘
394,14:36:00,10.84,-3.30,-0.01,112,121408,卖盘
395,14:35:57,10.85,-3.21,0.0,119,129115,买盘
396,14:35:54,10.85,-3.21,0.0,25,27125,买盘
397,14:35:51,10.85,-3.21,0.0,2,2170,中性盘
398,14:35:51,10.85,-3.21,0.01,2,2170,买盘
399,14:35:48,10.84,-3.30,0.0,36,39024,卖盘
400,14:35:45,10.84,-3.30,0.0,106,114904,买盘
401,14:35:42,10.84,-3.30,0.0,18,19512,买盘
402,14:35:39,10.84,-3.30,0.0,24,26016,卖盘
403,14:35:36,10.84,-3.30,0.0,15,16260,卖盘
404,14:35:33,10.84,-3.30,-0.01,58,62872,卖盘
405,14:35:30,10.85,-3.21,0.01,42,45570,买盘
406,14:35:27,10.84,-3.30,-0.01,41,44444,卖盘
407,14:35:24,10.85,-3.21,0.0,89,96565,买盘
408,14:35:21,10.85,-3.21,0.0,16,17360,买盘
409,14:35:18,10.85,-3.21,0.01,18,19530,买盘
410,14:35:15,10.84,-3.30,-0.02,28,30352,卖盘
411,14:35:12,10.86,-3.12,0.01,5,5430,买盘
412,14:35:09,10.85,-3.21,-0.01,77,83545,卖盘
413,14:35:06,10.86,-3.12,0.01,11,11946,买盘
414,14:35:03,10.85,-3.21,-0.01,1,1085,卖盘
415,14:35:00,10.86,-3.12,0.0,23,24978,买盘
416,14:34:57,10.86,-3.12,0.01,12,13032,买盘
417,14:34:54,10.85,-3.21,0.0,30,32550,卖盘
418,14:34:51,10.85,-3.21,0.0,36,39060,卖盘
419,14:34:48,10.85,-3.21,-0.01,18,19530,卖盘
420,14:34:45,10.86,-3.12,0.01,14,15204,买盘
421,14:34:42,10.85,-3.21,0.0,35,37975,卖盘
422,14:34:39,10.85,-3.21,0.0,88,95480,卖盘
423,14:34:36,10.85,-3.21,-0.01,3,3255,卖盘
424,14:34:33,10.86,-3.12,0.01,3,3258,买盘
425,14:34:30,10.85,-3.21,-0.01,1,1085,卖盘
426,14:34:27,10.86,-3.12,0.01,5,5430,买盘
427,14:34:24,10.85,-3.21,-0.01,38,41230,卖盘
428,14:34:21,10.86,-3.12,0.0,33,35838,买盘
429,14:34:15,10.86,-3.12,0.0,6,6516,买盘
430,14:34:12,10.86,-3.12,0.01,11,11946,买盘
431,14:34:09,10.85,-3.21,0.0,10,10850,卖盘
432,14:34:06,10.85,-3.21,-0.01,26,28210,卖盘
433,14:34:03,10.86,-3.12,0.0,45,48870,买盘
434,14:34:00,10.86,-3.12,0.01,1,1086,买盘
435,14:33:57,10.85,-3.21,0.0,20,21700,卖盘
436,14:33:51,10.85,-3.21,-0.01,1,1085,卖盘
437,14:33:48,10.86,-3.12,0.01,2,2172,买盘
438,14:33:42,10.85,-3.21,0.0,1,1085,卖盘
439,14:33:39,10.85,-3.21,-0.01,2,2170,卖盘
440,14:33:36,10.86,-3.12,0.0,18,19548,买盘
441,14:33:33,10.86,-3.12,0.02,15,16290,买盘
442,14:33:30,10.84,-3.30,-0.02,26,28184,卖盘
443,14:33:27,10.86,-3.12,0.02,1,1086,买盘
444,14:33:24,10.84,-3.30,-0.02,24,26016,卖盘
445,14:33:15,10.86,-3.12,0.03,1,1086,买盘
446,14:33:12,10.83,-3.39,0.0,70,75810,卖盘
447,14:33:09,10.83,-3.39,-0.03,51,55233,卖盘
448,14:33:06,10.86,-3.12,0.04,1,1086,买盘
449,14:33:03,10.82,-3.48,-0.04,128,138496,卖盘
450,14:33:00,10.86,-3.12,0.03,31,33666,买盘
451,14:32:57,10.83,-3.39,0.0,24,25992,买盘
452,14:32:54,10.83,-3.39,0.0,24,25992,买盘
453,14:32:51,10.83,-3.39,0.01,65,70395,买盘
454,14:32:48,10.82,-3.48,-0.01,10,10820,卖盘
455,14:32:45,10.83,-3.39,0.0,2,2166,买盘
456,14:32:42,10.83,-3.39,0.0,58,62814,买盘
457,14:32:39,10.83,-3.39,0.0,2,2166,买盘
458,14:32:36,10.83,-3.39,0.02,2,2166,买盘
459,14:32:33,10.81,-3.57,-0.01,56,60536,卖盘
460,14:32:30,10.82,-3.48,0.0,16,17312,买盘
461,14:32:27,10.82,-3.48,0.0,14,15148,买盘
462,14:32:24,10.82,-3.48,0.0,109,117938,中性盘
463,14:32:24,10.82,-3.48,0.01,109,117938,买盘
464,14:32:21,10.81,-3.57,0.0,106,114586,卖盘
465,14:32:18,10.81,-3.57,0.0,31,33511,卖盘
466,14:32:15,10.81,-3.57,0.0,35,37835,买盘
467,14:32:12,10.81,-3.57,0.0,65,70265,买盘
468,14:32:09,10.81,-3.57,0.01,7,7567,买盘
469,14:32:06,10.8,-3.66,-0.01,15,16200,卖盘
470,14:32:03,10.81,-3.57,0.0,47,50807,买盘
471,14:32:00,10.81,-3.57,0.0,25,27025,买盘
472,14:31:57,10.81,-3.57,-0.01,93,100533,卖盘
473,14:31:54,10.82,-3.48,0.0,9,9738,买盘
474,14:31:51,10.82,-3.48,0.0,132,142824,买盘
475,14:31:48,10.82,-3.48,0.02,8,8656,买盘
476,14:31:45,10.8,-3.66,-0.02,298,321840,卖盘
477,14:31:42,10.82,-3.48,-0.01,40,43280,卖盘
478,14:31:36,10.83,-3.39,0.01,26,28158,买盘
479,14:31:33,10.82,-3.48,0.01,156,168792,买盘
480,14:31:30,10.81,-3.57,0.01,98,105938,买盘
481,14:31:27,10.8,-3.66,-0.01,29,31320,卖盘
482,14:31:24,10.81,-3.57,0.0,36,38916,买盘
483,14:31:21,10.81,-3.57,0.0,104,112424,买盘
484,14:31:18,10.81,-3.57,0.0,33,35673,买盘
485,14:31:15,10.81,-3.57,0.0,53,57293,卖盘
486,14:31:12,10.81,-3.57,-0.01,68,73508,卖盘
487,14:31:09,10.82,-3.48,0.0,660,714120,买盘
488,14:31:06,10.82,-3.48,0.0,22,23804,买盘
489,14:31:03,10.82,-3.48,0.0,2,2164,买盘
490,14:31:00,10.82,-3.48,0.01,32,34624,卖盘
491,14:30:57,10.81,-3.57,-0.02,516,557796,卖盘
492,14:30:51,10.83,-3.39,0.0,46,49818,买盘
493,14:30:48,10.83,-3.39,0.0,510,552330,买盘
494,14:30:45,10.83,-3.39,0.01,2,2166,买盘
495,14:30:42,10.82,-3.48,-0.07,16,17312,卖盘
496,14:30:39,10.89,-2.85,0.07,504,548856,买盘
497,14:30:36,10.82,-3.48,-0.02,49,53018,卖盘
498,14:30:33,10.84,-3.30,0.0,50,54200,买盘
499,14:30:30,10.84,-3.30,0.02,1,1084,中性盘
500,14:30:27,10.82,-3.48,-0.06,1,1082,卖盘
501,14:30:21,10.88,-2.94,-0.01,68,73984,卖盘
502,14:30:18,10.89,-2.85,0.08,20,21780,中性盘
503,14:30:12,10.81,-3.57,-0.09,1495,1616095,卖盘
504,14:30:09,10.9,-2.77,0.0,1,1090,买盘
505,14:30:06,10.9,-2.77,-0.02,5,5450,买盘
506,14:30:03,10.92,-2.59,0.02,30,32760,买盘
507,14:30:00,10.9,-2.77,0.0,1,1090,卖盘
508,14:29:57,10.9,-2.77,0.0,11,11990,卖盘
509,14:29:54,10.9,-2.77,0.0,1,1090,卖盘
510,14:29:51,10.9,-2.77,0.0,16,17440,卖盘
511,14:29:48,10.9,-2.77,-0.03,10,10900,卖盘
512,14:29:45,10.93,-2.50,0.0,13,14209,买盘
513,14:29:42,10.93,-2.50,0.0,10,10930,买盘
514,14:29:36,10.93,-2.50,0.01,1750,1912750,买盘
515,14:29:33,10.92,-2.59,0.0,34,37128,卖盘
516,14:29:30,10.92,-2.59,0.0,15,16380,卖盘
517,14:29:27,10.92,-2.59,-0.01,5,5460,卖盘
518,14:29:24,10.93,-2.50,0.01,47,51371,买盘
519,14:29:21,10.92,-2.59,0.0,6,6552,买盘
520,14:29:18,10.92,-2.59,0.0,110,120120,买盘
521,14:29:15,10.92,-2.59,0.0,13,14196,买盘
522,14:29:12,10.92,-2.59,0.0,2,2184,买盘
523,14:29:06,10.92,-2.59,-0.01,14,15288,卖盘
524,14:29:03,10.93,-2.50,0.01,19,20767,买盘
525,14:29:00,10.92,-2.59,0.03,288,314496,买盘
526,14:28:57,10.89,-2.85,0.0,99,107811,中性盘
527,14:28:57,10.89,-2.85,0.0,99,107811,卖盘
528,14:28:54,10.89,-2.85,0.0,7,7623,买盘
529,14:28:51,10.89,-2.85,0.0,24,26136,买盘
530,14:28:48,10.89,-2.85,0.01,83,90387,买盘
531,14:28:45,10.88,-2.94,-0.01,21,22848,卖盘
532,14:28:42,10.89,-2.85,0.0,100,108900,买盘
533,14:28:39,10.89,-2.85,-0.01,14,15246,中性盘
534,14:28:36,10.9,-2.77,0.02,98,106820,买盘
535,14:28:33,10.88,-2.94,-0.02,27,29376,卖盘
536,14:28:30,10.9,-2.77,0.01,15,16350,买盘
537,14:28:27,10.89,-2.85,0.0,51,55539,卖盘
538,14:28:24,10.89,-2.85,0.0,39,43244,买盘
539,14:28:21,10.89,-2.85,0.0,8,8712,买盘
540,14:28:18,10.89,-2.85,0.0,1,1089,买盘
541,14:28:15,10.89,-2.85,-0.01,24,26136,卖盘
542,14:28:12,10.9,-2.77,0.0,13,14170,买盘
543,14:28:09,10.9,-2.77,0.0,13,14170,买盘
544,14:28:06,10.9,-2.77,0.0,16,17440,买盘
545,14:28:03,10.9,-2.77,0.0,21,22890,买盘
546,14:28:00,10.9,-2.77,0.0,76,82840,买盘
547,14:27:57,10.9,-2.77,0.01,50,54500,买盘
548,14:27:54,10.89,-2.85,0.01,326,355014,买盘
549,14:27:51,10.88,-2.94,0.01,99,107712,买盘
550,14:27:48,10.87,-3.03,0.0,71,77177,买盘
551,14:27:45,10.87,-3.03,0.01,71,77177,买盘
552,14:27:42,10.86,-3.12,0.0,69,74934,买盘
553,14:27:39,10.86,-3.12,0.0,34,36924,买盘
554,14:27:36,10.86,-3.12,0.0,37,40182,买盘
555,14:27:33,10.86,-3.12,0.0,129,140094,买盘
556,14:27:30,10.86,-3.12,0.0,23,24978,买盘
557,14:27:27,10.86,-3.12,0.0,26,28236,买盘
558,14:27:24,10.86,-3.12,0.0,69,74934,买盘
559,14:27:21,10.86,-3.12,0.0,118,128148,买盘
560,14:27:18,10.86,-3.12,-0.01,51,55386,卖盘
561,14:27:15,10.87,-3.03,0.0,11,11957,买盘
562,14:27:12,10.87,-3.03,-0.01,406,441322,卖盘
563,14:27:06,10.88,-2.94,0.0,503,547264,买盘
564,14:27:03,10.88,-2.94,0.0,43,46784,买盘
565,14:27:00,10.88,-2.94,0.0,40,43520,买盘
566,14:26:57,10.88,-2.94,0.0,11,11968,买盘
567,14:26:54,10.88,-2.94,0.0,3,3264,买盘
568,14:26:51,10.88,-2.94,-0.01,78,84864,卖盘
569,14:26:48,10.89,-2.85,0.01,101,109989,买盘
570,14:26:45,10.88,-2.94,-0.01,41,44608,卖盘
571,14:26:42,10.89,-2.85,0.01,200,217800,买盘
572,14:26:39,10.88,-2.94,-0.01,2,2176,卖盘
573,14:26:33,10.89,-2.85,0.01,30,32670,买盘
574,14:26:27,10.88,-2.94,-0.01,137,149056,卖盘
575,14:26:24,10.89,-2.85,-0.01,21,22869,卖盘
576,14:26:21,10.9,-2.77,0.0,3,3270,买盘
577,14:26:15,10.9,-2.77,0.02,2,2180,中性盘
578,14:26:12,10.88,-2.94,0.0,11,11968,卖盘
579,14:26:06,10.88,-2.94,-0.02,125,136000,卖盘
580,14:26:03,10.9,-2.77,0.02,63,68670,买盘
581,14:26:00,10.88,-2.94,-0.02,38,41344,卖盘
582,14:25:57,10.9,-2.77,0.0,20,21800,买盘
583,14:25:54,10.9,-2.77,0.01,6,6540,买盘
584,14:25:45,10.89,-2.85,0.0,16,17424,买盘
585,14:25:42,10.89,-2.85,0.0,149,162261,买盘
586,14:25:39,10.89,-2.85,0.0,10,10890,买盘
587,14:25:36,10.89,-2.85,0.01,3,3267,买盘
588,14:25:33,10.88,-2.94,0.0,44,47872,卖盘
589,14:25:24,10.88,-2.94,0.0,24,26112,中性盘
590,14:25:24,10.88,-2.94,-0.01,24,26112,卖盘
591,14:25:21,10.89,-2.85,0.01,45,49005,买盘
592,14:25:18,10.88,-2.94,0.0,26,28288,卖盘
593,14:25:15,10.88,-2.94,0.0,10,10880,卖盘
594,14:25:12,10.88,-2.94,-0.01,10,10880,卖盘
595,14:25:09,10.89,-2.85,0.02,82,89298,买盘
596,14:25:06,10.87,-3.03,0.0,71,77177,卖盘
597,14:25:03,10.87,-3.03,0.0,10,10870,卖盘
598,14:25:00,10.87,-3.03,-0.01,61,66307,卖盘
599,14:24:54,10.88,-2.94,0.01,29,31552,买盘
600,14:24:51,10.87,-3.03,-0.01,75,81525,卖盘
601,14:24:48,10.88,-2.94,0.01,17,18496,买盘
602,14:24:45,10.87,-3.03,0.02,571,620677,买盘
603,14:24:42,10.85,-3.21,0.0,128,138880,买盘
604,14:24:39,10.85,-3.21,0.0,3,3255,买盘
605,14:24:36,10.85,-3.21,0.0,103,111755,买盘
606,14:24:33,10.85,-3.21,0.0,13,14105,买盘
607,14:24:30,10.85,-3.21,0.01,10,10850,买盘
608,14:24:27,10.84,-3.30,-0.02,92,99728,卖盘
609,14:24:24,10.86,-3.12,0.0,15,16290,买盘
610,14:24:21,10.86,-3.12,0.0,36,39096,买盘
611,14:24:18,10.86,-3.12,0.02,47,51042,中性盘
612,14:24:15,10.84,-3.30,-0.03,550,596200,卖盘
613,14:24:12,10.87,-3.03,0.01,91,98917,买盘
614,14:24:09,10.86,-3.12,0.0,91,98826,卖盘
615,14:24:06,10.86,-3.12,-0.01,10,10860,卖盘
616,14:24:03,10.87,-3.03,0.01,76,82612,买盘
617,14:24:00,10.86,-3.12,0.0,265,287790,卖盘
618,14:23:57,10.86,-3.12,0.0,62,67332,卖盘
619,14:23:54,10.86,-3.12,-0.01,31,33666,卖盘
620,14:23:51,10.87,-3.03,0.01,26,28262,买盘
621,14:23:48,10.86,-3.12,-0.01,79,85794,卖盘
622,14:23:45,10.87,-3.03,0.01,30,32610,买盘
623,14:23:42,10.86,-3.12,0.0,111,120546,卖盘
624,14:23:39,10.86,-3.12,0.0,23,24978,卖盘
625,14:23:36,10.86,-3.12,0.0,22,23892,卖盘
626,14:23:33,10.86,-3.12,-0.01,36,39096,卖盘
627,14:23:30,10.87,-3.03,0.01,51,55437,买盘
628,14:23:27,10.86,-3.12,0.01,16,17376,卖盘
629,14:23:24,10.85,-3.21,0.0,3,3255,卖盘
630,14:23:21,10.85,-3.21,0.0,240,260400,买盘
631,14:23:18,10.85,-3.21,0.0,27,29295,买盘
632,14:23:15,10.85,-3.21,0.0,195,211575,卖盘
633,14:23:12,10.85,-3.21,-0.03,15,16275,卖盘
634,14:23:09,10.88,-2.94,0.03,175,190400,买盘
635,14:23:06,10.85,-3.21,-0.01,87,94395,卖盘
636,14:23:03,10.86,-3.12,0.01,35,38010,买盘
637,14:23:00,10.85,-3.21,-0.03,130,141050,卖盘
638,14:22:57,10.88,-2.94,0.02,127,138176,买盘
639,14:22:54,10.86,-3.12,-0.01,222,241092,卖盘
640,14:22:51,10.87,-3.03,0.02,525,570675,买盘
641,14:22:48,10.85,-3.21,-0.01,23,24955,卖盘
642,14:22:45,10.86,-3.12,0.01,382,414852,买盘
643,14:22:42,10.85,-3.21,0.0,23,24955,卖盘
644,14:22:39,10.85,-3.21,-0.01,180,195300,卖盘
645,14:22:36,10.86,-3.12,0.0,29,31494,买盘
646,14:22:33,10.86,-3.12,0.01,145,157470,买盘
647,14:22:30,10.85,-3.21,0.0,72,78120,卖盘
648,14:22:27,10.85,-3.21,-0.01,155,168175,卖盘
649,14:22:24,10.86,-3.12,0.01,184,199824,买盘
650,14:22:21,10.85,-3.21,0.0,37,40145,卖盘
651,14:22:18,10.85,-3.21,-0.01,18,19530,卖盘
652,14:22:15,10.86,-3.12,0.01,5,5430,买盘
653,14:22:12,10.85,-3.21,-0.01,64,69440,卖盘
654,14:22:09,10.86,-3.12,0.0,26,28236,卖盘
655,14:22:06,10.86,-3.12,0.0,145,157470,卖盘
656,14:22:03,10.86,-3.12,0.0,79,85794,中性盘
657,14:22:03,10.86,-3.12,0.0,79,85794,卖盘
658,14:22:00,10.86,-3.12,0.0,213,231318,卖盘
659,14:21:57,10.86,-3.12,0.0,317,344262,卖盘
660,14:21:54,10.86,-3.12,0.0,28,30408,卖盘
661,14:21:51,10.86,-3.12,0.0,5,5430,卖盘
662,14:21:48,10.86,-3.12,0.0,155,168330,卖盘
663,14:21:45,10.86,-3.12,-0.01,16,17376,卖盘
664,14:21:42,10.87,-3.03,0.01,27,29349,买盘
665,14:21:39,10.86,-3.12,-0.02,51,55386,卖盘
666,14:21:36,10.88,-2.94,0.0,91,99008,买盘
667,14:21:33,10.88,-2.94,0.0,60,65280,买盘
668,14:21:30,10.88,-2.94,0.0,11,11968,买盘
669,14:21:27,10.88,-2.94,0.0,20,21760,卖盘
670,14:21:24,10.88,-2.94,0.0,272,295936,卖盘
671,14:21:21,10.88,-2.94,-0.01,253,275264,卖盘
672,14:21:18,10.89,-2.85,0.0,278,302742,买盘
673,14:21:15,10.89,-2.85,0.0,397,432333,买盘
674,14:21:12,10.89,-2.85,0.01,11,11979,买盘
675,14:21:09,10.88,-2.94,-0.01,78,84864,卖盘
676,14:21:06,10.89,-2.85,0.0,12,13068,卖盘
677,14:21:03,10.89,-2.85,-0.01,136,148104,卖盘
678,14:21:00,10.9,-2.77,0.01,157,171130,买盘
679,14:20:57,10.89,-2.85,-0.01,1562,1701290,卖盘
680,14:20:54,10.9,-2.77,0.0,477,519930,卖盘
681,14:20:51,10.9,-2.77,-0.01,14,15260,卖盘
682,14:20:48,10.91,-2.68,0.0,170,185470,买盘
683,14:20:45,10.91,-2.68,0.01,52,56732,买盘
684,14:20:42,10.9,-2.77,0.0,243,264870,卖盘
685,14:20:39,10.9,-2.77,0.0,11,11990,卖盘
686,14:20:36,10.9,-2.77,-0.01,26,28340,卖盘
687,14:20:33,10.91,-2.68,0.01,139,151649,买盘
688,14:20:30,10.9,-2.77,-0.01,40,43600,卖盘
689,14:20:27,10.91,-2.68,0.01,60,65460,买盘
690,14:20:24,10.9,-2.77,0.0,26,28340,卖盘
691,14:20:18,10.9,-2.77,-0.01,20,21800,卖盘
692,14:20:15,10.91,-2.68,0.01,32,34912,买盘
693,14:20:12,10.9,-2.77,0.0,6,6540,卖盘
694,14:20:09,10.9,-2.77,0.0,4,4360,卖盘
695,14:20:06,10.9,-2.77,0.0,31,33790,卖盘
696,14:20:03,10.9,-2.77,-0.01,61,66490,卖盘
697,14:20:00,10.91,-2.68,0.01,2,2182,买盘
698,14:19:57,10.9,-2.77,0.0,10,10900,卖盘
699,14:19:54,10.9,-2.77,0.0,96,104640,卖盘
700,14:19:51,10.9,-2.77,-0.01,539,587510,卖盘
701,14:19:48,10.91,-2.68,0.0,130,141830,卖盘
702,14:19:45,10.91,-2.68,0.0,45,49095,卖盘
703,14:19:42,10.91,-2.68,-0.01,10,10910,卖盘
704,14:19:39,10.92,-2.59,0.01,9,9828,买盘
705,14:19:36,10.91,-2.68,-0.01,27,29457,卖盘
706,14:19:33,10.92,-2.59,0.0,1,1092,买盘
707,14:19:27,10.92,-2.59,0.01,99,108108,买盘
708,14:19:21,10.91,-2.68,0.0,61,66551,卖盘
709,14:19:18,10.91,-2.68,-0.01,34,37094,卖盘
710,14:19:15,10.92,-2.59,0.0,3,3276,买盘
711,14:19:06,10.92,-2.59,0.0,1,1092,中性盘
712,14:19:03,10.92,-2.59,0.01,3,3276,买盘
713,14:19:00,10.91,-2.68,-0.01,35,38185,卖盘
714,14:18:57,10.92,-2.59,0.0,4,4368,买盘
715,14:18:54,10.92,-2.59,0.0,1,1092,买盘
716,14:18:48,10.92,-2.59,0.01,23,25116,买盘
717,14:18:45,10.91,-2.68,-0.01,11,12001,卖盘
718,14:18:42,10.92,-2.59,0.0,15,16380,买盘
719,14:18:39,10.92,-2.59,0.0,10,10920,买盘
720,14:18:36,10.92,-2.59,0.0,15,16380,中性盘
721,14:18:36,10.92,-2.59,0.0,15,16380,买盘
722,14:18:33,10.92,-2.59,0.01,2,2184,买盘
723,14:18:30,10.91,-2.68,-0.01,1,1091,卖盘
724,14:18:27,10.92,-2.59,0.0,146,159432,卖盘
725,14:18:24,10.92,-2.59,-0.01,18,19656,卖盘
726,14:18:21,10.93,-2.50,0.01,7,7651,买盘
727,14:18:12,10.92,-2.59,-0.01,2,2184,卖盘
728,14:18:09,10.93,-2.50,-0.01,38,41534,卖盘
729,14:18:00,10.94,-2.41,0.0,29,31726,买盘
730,14:17:54,10.94,-2.41,0.0,9,9846,买盘
731,14:17:48,10.94,-2.41,-0.01,2,2188,中性盘
732,14:17:45,10.95,-2.32,0.02,130,142350,买盘
733,14:17:42,10.93,-2.50,-0.01,60,65580,卖盘
734,14:17:39,10.94,-2.41,0.0,13,14222,卖盘
735,14:17:36,10.94,-2.41,0.0,6,6564,卖盘
736,14:17:30,10.94,-2.41,-0.01,1,1094,卖盘
737,14:17:27,10.95,-2.32,0.01,1,1095,买盘
738,14:17:24,10.94,-2.41,0.0,1,1094,卖盘
739,14:17:21,10.94,-2.41,0.0,21,22974,买盘
740,14:17:18,10.94,-2.41,0.01,30,32820,买盘
741,14:17:15,10.93,-2.50,0.0,4,4372,卖盘
742,14:17:12,10.93,-2.50,-0.01,10,10930,卖盘
743,14:17:09,10.94,-2.41,0.01,20,21880,买盘
744,14:17:06,10.93,-2.50,0.01,3,3279,中性盘
745,14:17:03,10.92,-2.59,-0.02,100,109200,卖盘
746,14:17:00,10.94,-2.41,0.0,120,131280,买盘
747,14:16:54,10.94,-2.41,0.01,1,1094,买盘
748,14:16:51,10.93,-2.50,0.0,19,20767,卖盘
749,14:16:48,10.93,-2.50,-0.01,5,5465,卖盘
750,14:16:42,10.94,-2.41,0.01,160,175040,买盘
751,14:16:33,10.93,-2.50,0.01,2,2186,买盘
752,14:16:30,10.92,-2.59,0.0,1,1092,卖盘
753,14:16:27,10.92,-2.59,-0.01,8,8736,卖盘
754,14:16:21,10.93,-2.50,0.01,12,13116,买盘
755,14:16:18,10.92,-2.59,0.01,10,10920,买盘
756,14:16:15,10.91,-2.68,-0.01,1,1091,卖盘
757,14:16:12,10.92,-2.59,0.0,5,5460,买盘
758,14:16:09,10.92,-2.59,0.0,6,6552,买盘
759,14:16:03,10.92,-2.59,0.0,1,1092,买盘
760,14:16:00,10.92,-2.59,0.0,55,60060,买盘
761,14:15:57,10.92,-2.59,0.0,22,24024,买盘
762,14:15:54,10.92,-2.59,0.0,3,3276,买盘
763,14:15:51,10.92,-2.59,0.01,3,3276,买盘
764,14:15:48,10.91,-2.68,-0.01,21,22911,卖盘
765,14:15:45,10.92,-2.59,0.0,3,3276,买盘
766,14:15:42,10.92,-2.59,0.0,23,25116,买盘
767,14:15:39,10.92,-2.59,0.0,23,25116,买盘
768,14:15:36,10.92,-2.59,0.0,1,1092,买盘
769,14:15:33,10.92,-2.59,0.0,7,7644,买盘
770,14:15:30,10.92,-2.59,0.0,28,30576,买盘
771,14:15:27,10.92,-2.59,0.01,2,2184,买盘
772,14:15:24,10.91,-2.68,0.0,929,1013539,卖盘
773,14:15:21,10.91,-2.68,0.0,81,88371,卖盘
774,14:15:18,10.91,-2.68,-0.01,70,76370,卖盘
775,14:15:15,10.92,-2.59,0.01,19,20748,买盘
776,14:15:09,10.91,-2.68,0.0,300,327300,中性盘
777,14:15:09,10.91,-2.68,0.01,300,327300,买盘
778,14:15:06,10.9,-2.77,-0.01,56,61040,卖盘
779,14:15:03,10.91,-2.68,0.0,21,22911,买盘
780,14:15:00,10.91,-2.68,0.0,8,8728,买盘
781,14:14:57,10.91,-2.68,0.0,11,12001,买盘
782,14:14:54,10.91,-2.68,0.01,22,24002,买盘
783,14:14:51,10.9,-2.77,0.0,73,79570,卖盘
784,14:14:48,10.9,-2.77,-0.01,29,31610,卖盘
785,14:14:45,10.91,-2.68,0.0,221,241111,买盘
786,14:14:42,10.91,-2.68,0.0,2,2182,买盘
787,14:14:39,10.91,-2.68,0.0,101,110191,买盘
788,14:14:36,10.91,-2.68,0.01,120,130920,买盘
789,14:14:33,10.9,-2.77,-0.01,1,1090,卖盘
790,14:14:30,10.91,-2.68,0.0,11,12001,买盘
791,14:14:27,10.91,-2.68,0.01,5,5455,买盘
792,14:14:24,10.9,-2.77,-0.01,100,109000,卖盘
793,14:14:21,10.91,-2.68,-0.01,167,182197,卖盘
794,14:14:18,10.92,-2.59,0.01,102,111384,买盘
795,14:14:15,10.91,-2.68,0.0,27,29457,卖盘
796,14:14:09,10.91,-2.68,0.0,5,5455,卖盘
797,14:14:06,10.91,-2.68,-0.01,40,43640,卖盘
798,14:14:03,10.92,-2.59,0.01,5,5460,买盘
799,14:14:00,10.91,-2.68,0.0,63,68733,卖盘
800,14:13:57,10.91,-2.68,0.0,43,46913,买盘
801,14:13:54,10.91,-2.68,0.0,25,27275,买盘
802,14:13:48,10.91,-2.68,0.0,1,1091,买盘
803,14:13:45,10.91,-2.68,0.01,44,48004,买盘
804,14:13:42,10.9,-2.77,-0.01,22,23980,卖盘
805,14:13:39,10.91,-2.68,0.0,10,10910,买盘
806,14:13:36,10.91,-2.68,0.0,48,52368,买盘
807,14:13:33,10.91,-2.68,0.0,149,162559,买盘
808,14:13:30,10.91,-2.68,0.0,23,25093,买盘
809,14:13:27,10.91,-2.68,0.0,86,93826,买盘
810,14:13:24,10.91,-2.68,0.01,28,30548,买盘
811,14:13:21,10.9,-2.77,-0.01,32,34880,卖盘
812,14:13:15,10.91,-2.68,0.0,183,199653,买盘
813,14:13:12,10.91,-2.68,0.0,1,1091,买盘
814,14:13:09,10.91,-2.68,0.0,4,4364,买盘
815,14:13:03,10.91,-2.68,-0.01,83,90553,卖盘
816,14:12:57,10.92,-2.59,0.01,5,5460,买盘
817,14:12:54,10.91,-2.68,0.0,15,16365,卖盘
818,14:12:51,10.91,-2.68,0.0,22,24002,卖盘
819,14:12:48,10.91,-2.68,0.0,4,4364,卖盘
820,14:12:45,10.91,-2.68,0.0,41,44731,买盘
821,14:12:39,10.91,-2.68,0.0,21,22911,买盘
822,14:12:36,10.91,-2.68,0.01,5,5455,买盘
823,14:12:33,10.9,-2.77,0.0,1,1090,卖盘
824,14:12:30,10.9,-2.77,-0.01,531,579608,卖盘
825,14:12:24,10.91,-2.68,0.0,56,61096,卖盘
826,14:12:21,10.91,-2.68,0.0,57,62187,买盘
827,14:12:18,10.91,-2.68,0.01,6,6546,买盘
828,14:12:15,10.9,-2.77,-0.01,11,11990,卖盘
829,14:12:12,10.91,-2.68,-0.01,200,218473,卖盘
830,14:12:09,10.92,-2.59,0.0,18,19656,买盘
831,14:12:06,10.92,-2.59,0.0,33,36036,买盘
832,14:12:00,10.92,-2.59,-0.01,3,3276,卖盘
833,14:11:57,10.93,-2.50,0.0,2,2186,买盘
834,14:11:51,10.93,-2.50,0.02,1,1093,中性盘
835,14:11:48,10.91,-2.68,-0.01,29,31639,卖盘
836,14:11:45,10.92,-2.59,-0.02,56,61152,卖盘
837,14:11:42,10.94,-2.41,-0.02,26,28444,中性盘
838,14:11:42,10.94,-2.41,0.02,26,28444,买盘
839,14:11:33,10.92,-2.59,0.0,18,19656,卖盘
840,14:11:30,10.92,-2.59,0.0,13,14196,卖盘
841,14:11:27,10.92,-2.59,0.0,10,10920,卖盘
842,14:11:24,10.92,-2.59,0.01,115,126399,买盘
843,14:11:21,10.91,-2.68,0.0,39,42549,卖盘
844,14:11:18,10.91,-2.68,0.0,18,19638,卖盘
845,14:11:15,10.91,-2.68,-0.01,30,32730,卖盘
846,14:11:12,10.92,-2.59,0.01,45,49140,买盘
847,14:11:09,10.91,-2.68,0.0,40,43640,卖盘
848,14:11:06,10.91,-2.68,-0.01,3,3273,卖盘
849,14:11:00,10.92,-2.59,0.01,1,1092,买盘
850,14:10:54,10.91,-2.68,0.01,1,1091,买盘
851,14:10:51,10.9,-2.77,-0.01,71,77390,卖盘
852,14:10:48,10.91,-2.68,0.0,34,37094,卖盘
853,14:10:45,10.91,-2.68,0.0,10,10910,卖盘
854,14:10:39,10.91,-2.68,0.0,4,4364,卖盘
855,14:10:36,10.91,-2.68,0.01,90,98190,买盘
856,14:10:33,10.9,-2.77,-0.01,4,4360,卖盘
857,14:10:30,10.91,-2.68,0.0,16,17456,买盘
858,14:10:27,10.91,-2.68,0.0,53,57823,买盘
859,14:10:18,10.91,-2.68,-0.01,11,12001,卖盘
860,14:10:15,10.92,-2.59,0.01,28,30576,买盘
861,14:10:12,10.91,-2.68,0.0,21,23184,卖盘
862,14:10:06,10.91,-2.68,0.01,82,90280,买盘
863,14:10:03,10.9,-2.77,-0.01,16,17440,卖盘
864,14:10:00,10.91,-2.68,0.0,11,12001,买盘
865,14:09:57,10.91,-2.68,0.0,107,116737,买盘
866,14:09:54,10.91,-2.68,0.01,18,19638,买盘
867,14:09:51,10.9,-2.77,0.0,70,76300,卖盘
868,14:09:48,10.9,-2.77,0.0,77,83930,卖盘
869,14:09:45,10.9,-2.77,0.0,69,75210,卖盘
870,14:09:39,10.9,-2.77,-0.01,30,32700,卖盘
871,14:09:33,10.91,-2.68,0.0,63,68733,买盘
872,14:09:30,10.91,-2.68,0.01,22,24002,买盘
873,14:09:27,10.9,-2.77,-0.01,149,162410,卖盘
874,14:09:24,10.91,-2.68,0.0,22,24002,买盘
875,14:09:21,10.91,-2.68,0.0,5,5455,买盘
876,14:09:18,10.91,-2.68,-0.01,10,11183,卖盘
877,14:09:15,10.92,-2.59,0.0,171,186732,买盘
878,14:09:12,10.92,-2.59,0.01,1,1092,买盘
879,14:09:09,10.91,-2.68,-0.02,17,18547,卖盘
880,14:09:06,10.93,-2.50,0.02,100,109300,买盘
881,14:09:03,10.91,-2.68,-0.02,1930,2105630,卖盘
882,14:09:00,10.93,-2.50,0.01,3,3279,买盘
883,14:08:57,10.92,-2.59,-0.01,15,16380,卖盘
884,14:08:54,10.93,-2.50,0.01,5,5465,买盘
885,14:08:51,10.92,-2.59,-0.01,25,27300,卖盘
886,14:08:48,10.93,-2.50,0.0,63,68859,卖盘
887,14:08:45,10.93,-2.50,0.0,40,43720,卖盘
888,14:08:39,10.93,-2.50,0.0,9,9837,卖盘
889,14:08:36,10.93,-2.50,-0.01,10,10930,卖盘
890,14:08:33,10.94,-2.41,0.01,36,39384,买盘
891,14:08:27,10.93,-2.50,0.0,25,27325,卖盘
892,14:08:24,10.93,-2.50,0.0,15,16395,卖盘
893,14:08:21,10.93,-2.50,0.0,50,54650,卖盘
894,14:08:18,10.93,-2.50,0.0,201,219693,卖盘
895,14:08:15,10.93,-2.50,0.0,30,32790,中性盘
896,14:08:15,10.93,-2.50,-0.01,30,32790,卖盘
897,14:08:12,10.94,-2.41,0.0,42,45948,买盘
898,14:08:09,10.94,-2.41,0.01,16,17504,买盘
899,14:08:06,10.93,-2.50,0.0,77,84161,卖盘
900,14:08:00,10.93,-2.50,-0.01,16,17488,卖盘
901,14:07:57,10.94,-2.41,0.0,46,50324,买盘
902,14:07:54,10.94,-2.41,0.0,2,2188,买盘
903,14:07:48,10.94,-2.41,0.0,11,12034,中性盘
904,14:07:45,10.94,-2.41,0.0,402,439788,卖盘
905,14:07:42,10.94,-2.41,0.01,141,154254,买盘
906,14:07:39,10.93,-2.50,0.0,15,16395,卖盘
907,14:07:36,10.93,-2.50,-0.01,74,80882,卖盘
908,14:07:30,10.94,-2.41,0.01,31,33914,买盘
909,14:07:27,10.93,-2.50,0.0,58,63394,卖盘
910,14:07:24,10.93,-2.50,-0.01,5,5465,卖盘
911,14:07:21,10.94,-2.41,0.0,13,14222,买盘
912,14:07:18,10.94,-2.41,0.01,27,29538,买盘
913,14:07:15,10.93,-2.50,-0.01,1,1093,卖盘
914,14:07:12,10.94,-2.41,0.01,10,10940,买盘
915,14:07:09,10.93,-2.50,-0.01,5,5465,卖盘
916,14:07:06,10.94,-2.41,0.02,10,10940,买盘
917,14:07:03,10.92,-2.59,-0.01,386,421512,卖盘
918,14:07:00,10.93,-2.50,0.0,19,20767,卖盘
919,14:06:57,10.93,-2.50,0.0,18,19674,卖盘
920,14:06:54,10.93,-2.50,-0.02,1,1093,卖盘
921,14:06:48,10.95,-2.32,0.03,4,4380,买盘
922,14:06:45,10.92,-2.59,-0.03,88,96096,卖盘
923,14:06:42,10.95,-2.32,0.01,240,262800,买盘
924,14:06:36,10.94,-2.41,0.0,75,82050,卖盘
925,14:06:33,10.94,-2.41,0.01,190,207860,买盘
926,14:06:30,10.93,-2.50,-0.01,329,359597,卖盘
927,14:06:27,10.94,-2.41,0.0,65,71110,买盘
928,14:06:24,10.94,-2.41,0.0,7,7658,卖盘
929,14:06:18,10.94,-2.41,-0.01,26,28444,卖盘
930,14:06:15,10.95,-2.32,0.01,55,60225,买盘
931,14:06:12,10.94,-2.41,0.0,17,18598,卖盘
932,14:06:09,10.94,-2.41,0.0,33,36102,卖盘
933,14:06:06,10.94,-2.41,0.0,60,65640,卖盘
934,14:06:03,10.94,-2.41,0.0,34,37196,卖盘
935,14:06:00,10.94,-2.41,0.0,20,21880,卖盘
936,14:05:57,10.94,-2.41,0.0,6,6564,卖盘
937,14:05:54,10.94,-2.41,0.0,34,37196,卖盘
938,14:05:51,10.94,-2.41,0.0,42,45948,卖盘
939,14:05:48,10.94,-2.41,0.0,66,72204,卖盘
940,14:05:45,10.94,-2.41,-0.01,190,207860,卖盘
941,14:05:42,10.95,-2.32,0.0,21,22995,买盘
942,14:05:39,10.95,-2.32,0.0,157,171915,卖盘
943,14:05:36,10.95,-2.32,0.0,44,48180,卖盘
944,14:05:33,10.95,-2.32,0.0,6,6570,卖盘
945,14:05:30,10.95,-2.32,0.0,44,48180,卖盘
946,14:05:27,10.95,-2.32,-0.01,90,98550,卖盘
947,14:05:21,10.96,-2.23,0.0,245,268520,卖盘
948,14:05:18,10.96,-2.23,-0.02,28,30688,卖盘
949,14:05:15,10.98,-2.05,0.01,34,37332,买盘
950,14:05:12,10.97,-2.14,0.0,181,198557,卖盘
951,14:05:09,10.97,-2.14,-0.01,22,24134,卖盘
952,14:05:03,10.98,-2.05,-0.01,224,246029,卖盘
953,14:05:00,10.99,-1.96,0.01,18,19782,买盘
954,14:04:57,10.98,-2.05,0.0,34,37332,卖盘
955,14:04:54,10.98,-2.05,-0.01,13,14274,卖盘
956,14:04:51,10.99,-1.96,0.0,19,20881,买盘
957,14:04:48,10.99,-1.96,0.0,230,252770,中性盘
958,14:04:48,10.99,-1.96,-0.01,230,252770,卖盘
959,14:04:45,11.0,-1.87,0.01,13,14300,买盘
960,14:04:39,10.99,-1.96,0.0,65,71435,卖盘
961,14:04:36,10.99,-1.96,-0.01,2,2198,卖盘
962,14:04:33,11.0,-1.87,0.01,1,1100,买盘
963,14:04:30,10.99,-1.96,0.0,4,4396,卖盘
964,14:04:27,10.99,-1.96,-0.01,6,6594,卖盘
965,14:04:24,11.0,-1.87,0.01,1,1100,买盘
966,14:04:21,10.99,-1.96,0.0,13,14287,卖盘
967,14:04:18,10.99,-1.96,0.0,28,30772,卖盘
968,14:04:15,10.99,-1.96,-0.01,6,6594,卖盘
969,14:04:12,11.0,-1.87,0.02,116,127600,买盘
970,14:04:03,10.98,-2.05,-0.01,14,15372,卖盘
971,14:04:00,10.99,-1.96,0.0,1,1099,买盘
972,14:03:54,10.99,-1.96,0.0,2,2198,买盘
973,14:03:51,10.99,-1.96,0.0,5,5495,买盘
974,14:03:48,10.99,-1.96,0.01,10,10990,买盘
975,14:03:45,10.98,-2.05,-0.01,17,18666,卖盘
976,14:03:39,10.99,-1.96,0.0,13,14287,买盘
977,14:03:30,10.99,-1.96,0.01,16,17584,买盘
978,14:03:27,10.98,-2.05,-0.01,21,24079,卖盘
979,14:03:18,10.99,-1.96,0.01,24,26376,买盘
980,14:03:12,10.98,-2.05,0.0,36,39528,买盘
981,14:03:09,10.98,-2.05,0.0,3,3294,买盘
982,14:03:06,10.98,-2.05,-0.01,74,81252,卖盘
983,14:02:57,10.99,-1.96,0.01,2,2198,买盘
984,14:02:54,10.98,-2.05,-0.01,3,3294,买盘
985,14:02:48,10.99,-1.96,0.0,6,6594,买盘
986,14:02:45,10.99,-1.96,0.01,3,3297,买盘
987,14:02:33,10.98,-2.05,0.01,1,1098,中性盘
988,14:02:30,10.97,-2.14,-0.02,49,53753,卖盘
989,14:02:27,10.99,-1.96,0.0,3,3297,买盘
990,14:02:24,10.99,-1.96,0.02,1,1099,买盘
991,14:02:21,10.97,-2.14,-0.02,1,1097,卖盘
992,14:02:18,10.99,-1.96,0.0,20,21980,买盘
993,14:02:15,10.99,-1.96,0.0,6,6594,买盘
994,14:02:12,10.99,-1.96,0.02,2,2198,买盘
995,14:02:09,10.97,-2.14,0.0,6,6582,卖盘
996,14:02:03,10.97,-2.14,-0.02,1,1097,卖盘
997,14:02:00,10.99,-1.96,0.02,1,1099,买盘
998,14:01:57,10.97,-2.14,-0.02,20,21940,卖盘
999,14:01:51,10.99,-1.96,0.0,3,3297,买盘
1000,14:01:48,10.99,-1.96,0.02,3,3297,买盘
1001,14:01:45,10.97,-2.14,0.0,1,1097,卖盘
1002,14:01:39,10.97,-2.14,-0.02,47,51559,卖盘
1003,14:01:30,10.99,-1.96,0.01,29,31871,买盘
1004,14:01:27,10.98,-2.05,0.0,12,13176,买盘
1005,14:01:15,10.98,-2.05,0.0,8,8784,中性盘
1006,14:01:15,10.98,-2.05,0.02,8,8784,买盘
1007,14:01:12,10.96,-2.23,-0.02,1,1096,卖盘
1008,14:01:09,10.98,-2.05,0.0,26,28548,买盘
1009,14:01:06,10.98,-2.05,0.02,1,1098,买盘
1010,14:00:57,10.96,-2.23,-0.02,1,1096,卖盘
1011,14:00:54,10.98,-2.05,0.0,7,7686,买盘
1012,14:00:51,10.98,-2.05,0.02,9,9882,买盘
1013,14:00:48,10.96,-2.23,0.0,14,15344,卖盘
1014,14:00:45,10.96,-2.23,0.0,81,88776,买盘
1015,14:00:42,10.96,-2.23,0.01,75,82200,买盘
1016,14:00:39,10.95,-2.32,-0.01,1,1095,卖盘
1017,14:00:33,10.96,-2.23,0.02,1,1096,买盘
1018,14:00:30,10.94,-2.41,-0.01,10,10940,卖盘
1019,14:00:27,10.95,-2.32,0.0,3,3285,买盘
1020,14:00:24,10.95,-2.32,0.0,44,48180,买盘
1021,14:00:21,10.95,-2.32,0.0,33,36135,买盘
1022,14:00:18,10.95,-2.32,0.0,15,16425,买盘
1023,14:00:15,10.95,-2.32,0.0,15,16425,买盘
1024,14:00:09,10.95,-2.32,0.0,20,21900,买盘
1025,14:00:06,10.95,-2.32,0.0,20,21900,买盘
1026,14:00:03,10.95,-2.32,-0.01,170,186150,卖盘
1027,14:00:00,10.96,-2.23,-0.02,9,9864,中性盘
1028,13:59:51,10.98,-2.05,0.02,10,10980,买盘
1029,13:59:48,10.96,-2.23,0.0,8,8768,卖盘
1030,13:59:45,10.96,-2.23,-0.02,3,3288,卖盘
1031,13:59:42,10.98,-2.05,0.02,3,3294,买盘
1032,13:59:39,10.96,-2.23,-0.02,24,26304,卖盘
1033,13:59:36,10.98,-2.05,0.0,2,2196,买盘
1034,13:59:33,10.98,-2.05,0.02,11,12078,买盘
1035,13:59:30,10.96,-2.23,0.01,1,1096,中性盘
1036,13:59:27,10.95,-2.32,-0.03,16,17520,卖盘
1037,13:59:21,10.98,-2.05,0.02,25,27450,买盘
1038,13:59:18,10.96,-2.23,-0.03,104,113984,卖盘
1039,13:59:15,10.99,-1.96,0.02,18,19782,买盘
1040,13:59:12,10.97,-2.14,0.0,4,4388,卖盘
1041,13:59:09,10.97,-2.14,-0.01,15,16455,卖盘
1042,13:59:06,10.98,-2.05,-0.01,6,6588,中性盘
1043,13:59:03,10.99,-1.96,0.02,1,1099,买盘
1044,13:59:00,10.97,-2.14,0.01,73,80081,买盘
1045,13:58:57,10.96,-2.23,-0.01,12,13152,卖盘
1046,13:58:54,10.97,-2.14,0.01,14,15358,中性盘
1047,13:58:45,10.96,-2.23,-0.02,28,30688,卖盘
1048,13:58:42,10.98,-2.05,0.02,9,9882,买盘
1049,13:58:39,10.96,-2.23,-0.02,1,1096,卖盘
1050,13:58:30,10.98,-2.05,0.02,1,1098,买盘
1051,13:58:27,10.96,-2.23,0.0,91,99736,买盘
1052,13:58:21,10.96,-2.23,0.0,43,47128,买盘
1053,13:58:18,10.96,-2.23,0.01,5,5480,买盘
1054,13:58:15,10.95,-2.32,-0.01,88,96360,卖盘
1055,13:58:12,10.96,-2.23,0.01,6,6576,买盘
1056,13:58:09,10.95,-2.32,-0.01,7,7665,卖盘
1057,13:57:57,10.96,-2.23,0.01,230,252080,买盘
1058,13:57:54,10.95,-2.32,0.0,10,10950,中性盘
1059,13:57:54,10.95,-2.32,0.0,10,10950,买盘
1060,13:57:51,10.95,-2.32,0.0,2,2190,买盘
1061,13:57:48,10.95,-2.32,0.0,1,1095,买盘
1062,13:57:45,10.95,-2.32,0.0,2,2190,买盘
1063,13:57:42,10.95,-2.32,0.0,67,73365,买盘
1064,13:57:39,10.95,-2.32,0.0,15,16425,买盘
1065,13:57:36,10.95,-2.32,0.0,11,12045,买盘
1066,13:57:33,10.95,-2.32,0.0,4,4380,买盘
1067,13:57:30,10.95,-2.32,0.0,15,16425,买盘
1068,13:57:27,10.95,-2.32,0.0,30,32850,买盘
1069,13:57:24,10.95,-2.32,0.0,37,40515,买盘
1070,13:57:18,10.95,-2.32,0.0,2,2190,买盘
1071,13:57:15,10.95,-2.32,0.01,107,117165,买盘
1072,13:57:12,10.94,-2.41,-0.01,175,191450,卖盘
1073,13:57:06,10.95,-2.32,0.02,10,10950,买盘
1074,13:57:03,10.93,-2.50,-0.01,106,115858,卖盘
1075,13:57:00,10.94,-2.41,0.0,66,72204,卖盘
1076,13:56:57,10.94,-2.41,-0.01,13,14222,卖盘
1077,13:56:51,10.95,-2.32,0.01,7,7665,买盘
1078,13:56:48,10.94,-2.41,-0.01,215,235210,卖盘
1079,13:56:45,10.95,-2.32,0.0,17,18615,买盘
1080,13:56:42,10.95,-2.32,0.0,3,3285,买盘
1081,13:56:39,10.95,-2.32,0.0,20,21900,买盘
1082,13:56:36,10.95,-2.32,0.01,50,54750,买盘
1083,13:56:33,10.94,-2.41,-0.01,10,10940,卖盘
1084,13:56:30,10.95,-2.32,0.01,24,26280,买盘
1085,13:56:24,10.94,-2.41,0.0,1,1094,卖盘
1086,13:56:21,10.94,-2.41,0.0,147,160818,买盘
1087,13:56:18,10.94,-2.41,0.01,17,18598,买盘
1088,13:56:15,10.93,-2.50,0.0,10,10930,卖盘
1089,13:56:12,10.93,-2.50,0.0,226,247018,买盘
1090,13:56:09,10.93,-2.50,0.0,435,475455,买盘
1091,13:56:06,10.93,-2.50,0.0,196,214228,买盘
1092,13:56:03,10.93,-2.50,0.0,1440,1573920,买盘
1093,13:55:57,10.93,-2.50,0.01,85,93725,买盘
1094,13:55:54,10.92,-2.59,-0.01,1,1092,卖盘
1095,13:55:51,10.93,-2.50,0.0,12,13116,买盘
1096,13:55:48,10.93,-2.50,0.0,66,72138,买盘
1097,13:55:45,10.93,-2.50,0.0,10,10930,买盘
1098,13:55:42,10.93,-2.50,0.01,81,88533,买盘
1099,13:55:39,10.92,-2.59,0.0,180,196560,卖盘
1100,13:55:33,10.92,-2.59,0.0,60,65520,卖盘
1101,13:55:30,10.92,-2.59,-0.01,1,1092,卖盘
1102,13:55:27,10.93,-2.50,0.01,16,17488,买盘
1103,13:55:24,10.92,-2.59,-0.01,48,52416,卖盘
1104,13:55:21,10.93,-2.50,0.0,455,497315,卖盘
1105,13:55:18,10.93,-2.50,0.0,183,200019,卖盘
1106,13:55:15,10.93,-2.50,0.0,1,1093,卖盘
1107,13:55:12,10.93,-2.50,0.0,73,79789,卖盘
1108,13:55:09,10.93,-2.50,-0.01,42,45906,卖盘
1109,13:55:03,10.94,-2.41,0.0,5,5470,买盘
1110,13:55:00,10.94,-2.41,0.0,12,13128,买盘
1111,13:54:57,10.94,-2.41,0.0,27,29538,卖盘
1112,13:54:54,10.94,-2.41,0.0,179,195826,卖盘
1113,13:54:51,10.94,-2.41,0.0,337,368678,卖盘
1114,13:54:45,10.94,-2.41,0.0,3,3282,卖盘
1115,13:54:39,10.94,-2.41,-0.01,22,24068,卖盘
1116,13:54:36,10.95,-2.32,0.01,2,2190,买盘
1117,13:54:33,10.94,-2.41,0.0,78,85332,卖盘
1118,13:54:30,10.94,-2.41,-0.01,34,37196,卖盘
1119,13:54:27,10.95,-2.32,-0.01,100,109500,中性盘
1120,13:54:27,10.95,-2.32,0.0,100,109500,买盘
1121,13:54:24,10.95,-2.32,0.0,255,279225,买盘
1122,13:54:21,10.95,-2.32,0.01,23,25185,买盘
1123,13:54:18,10.94,-2.41,-0.01,126,137844,卖盘
1124,13:54:15,10.95,-2.32,0.0,20,21900,买盘
1125,13:54:12,10.95,-2.32,0.0,2517,2756115,卖盘
1126,13:54:09,10.95,-2.32,0.0,436,477420,卖盘
1127,13:54:06,10.95,-2.32,0.0,130,142350,卖盘
1128,13:54:03,10.95,-2.32,0.0,114,124830,卖盘
1129,13:54:00,10.95,-2.32,-0.01,147,160965,卖盘
1130,13:53:54,10.96,-2.23,0.01,361,395656,买盘
1131,13:53:51,10.95,-2.32,0.0,7,7665,卖盘
1132,13:53:48,10.95,-2.32,-0.01,13,14235,卖盘
1133,13:53:45,10.96,-2.23,0.0,37,40552,买盘
1134,13:53:42,10.96,-2.23,0.01,21,23016,买盘
1135,13:53:39,10.95,-2.32,-0.01,30,32850,卖盘
1136,13:53:36,10.96,-2.23,0.0,2,2192,买盘
1137,13:53:33,10.96,-2.23,0.0,91,99736,买盘
1138,13:53:30,10.96,-2.23,0.01,5,5480,买盘
1139,13:53:24,10.95,-2.32,-0.01,10,10950,卖盘
1140,13:53:21,10.96,-2.23,0.01,6,6576,买盘
1141,13:53:18,10.95,-2.32,-0.01,42,45990,卖盘
1142,13:53:15,10.96,-2.23,0.0,101,110696,卖盘
1143,13:53:12,10.96,-2.23,0.0,12,13152,卖盘
1144,13:53:09,10.96,-2.23,-0.01,10,10960,卖盘
1145,13:53:06,10.97,-2.14,0.01,469,514493,买盘
1146,13:53:03,10.96,-2.23,-0.01,120,131520,卖盘
1147,13:53:00,10.97,-2.14,0.0,1,1097,买盘
1148,13:52:54,10.97,-2.14,0.0,50,54850,买盘
1149,13:52:51,10.97,-2.14,-0.01,521,571537,卖盘
1150,13:52:48,10.98,-2.05,0.01,1,1098,买盘
1151,13:52:45,10.97,-2.14,-0.01,29,31813,卖盘
1152,13:52:42,10.98,-2.05,-0.01,58,63684,中性盘
1153,13:52:39,10.99,-1.96,0.01,242,265958,买盘
1154,13:52:30,10.98,-2.05,-0.01,15,16470,卖盘
1155,13:52:27,10.99,-1.96,0.01,301,330799,买盘
1156,13:52:24,10.98,-2.05,0.0,210,230580,卖盘
1157,13:52:21,10.98,-2.05,0.0,1,1098,卖盘
1158,13:52:18,10.98,-2.05,-0.01,12,13176,卖盘
1159,13:52:15,10.99,-1.96,0.01,25,27475,买盘
1160,13:52:12,10.98,-2.05,0.0,62,68076,卖盘
1161,13:52:09,10.98,-2.05,-0.01,22,24156,卖盘
1162,13:52:06,10.99,-1.96,0.01,1,1099,买盘
1163,13:52:03,10.98,-2.05,0.0,15,16470,卖盘
1164,13:52:00,10.98,-2.05,-0.01,9,9882,卖盘
1165,13:51:57,10.99,-1.96,0.0,6,6594,买盘
1166,13:51:54,10.99,-1.96,0.01,1,1099,买盘
1167,13:51:48,10.98,-2.05,0.0,9,9882,卖盘
1168,13:51:45,10.98,-2.05,-0.01,32,35136,卖盘
1169,13:51:42,10.99,-1.96,0.0,1,1099,买盘
1170,13:51:39,10.99,-1.96,0.0,4,4396,买盘
1171,13:51:36,10.99,-1.96,0.0,10,10990,买盘
1172,13:51:33,10.99,-1.96,0.01,26,28574,买盘
1173,13:51:27,10.98,-2.05,0.0,152,166896,卖盘
1174,13:51:24,10.98,-2.05,-0.01,5,5490,卖盘
1175,13:51:21,10.99,-1.96,0.01,10,10990,买盘
1176,13:51:18,10.98,-2.05,0.0,122,133956,卖盘
1177,13:51:15,10.98,-2.05,-0.01,26,28548,卖盘
1178,13:51:12,10.99,-1.96,0.0,25,27475,买盘
1179,13:51:09,10.99,-1.96,0.01,1,1099,买盘
1180,13:51:06,10.98,-2.05,0.0,50,54900,卖盘
1181,13:51:03,10.98,-2.05,-0.02,15,16470,卖盘
1182,13:51:00,11.0,-1.87,-0.02,1,1100,中性盘
1183,13:51:00,11.0,-1.87,0.02,1,1100,买盘
1184,13:50:57,10.98,-2.05,-0.01,64,70272,卖盘
1185,13:50:54,10.99,-1.96,-0.01,6,6594,卖盘
1186,13:50:51,11.0,-1.87,0.01,25,27500,买盘
1187,13:50:48,10.99,-1.96,-0.01,179,196721,卖盘
1188,13:50:42,11.0,-1.87,0.0,97,106700,卖盘
1189,13:50:39,11.0,-1.87,-0.01,13,14300,卖盘
1190,13:50:36,11.01,-1.78,0.01,21,23121,买盘
1191,13:50:33,11.0,-1.87,0.0,1,1100,卖盘
1192,13:50:30,11.0,-1.87,0.0,82,90200,卖盘
1193,13:50:27,11.0,-1.87,0.0,58,63800,卖盘
1194,13:50:18,11.0,-1.87,-0.01,1,1100,卖盘
1195,13:50:15,11.01,-1.78,0.01,2,2202,买盘
1196,13:50:12,11.0,-1.87,0.0,9,9900,卖盘
1197,13:50:09,11.0,-1.87,0.0,17,18700,卖盘
1198,13:50:06,11.0,-1.87,-0.01,1,1100,卖盘
1199,13:50:03,11.01,-1.78,0.01,47,51747,买盘
1200,13:50:00,11.0,-1.87,0.0,5,5500,卖盘
1201,13:49:57,11.0,-1.87,0.0,36,39600,卖盘
1202,13:49:54,11.0,-1.87,0.0,36,39600,卖盘
1203,13:49:51,11.0,-1.87,0.0,10,11000,卖盘
1204,13:49:45,11.0,-1.87,0.0,25,27500,卖盘
1205,13:49:42,11.0,-1.87,0.0,31,34100,卖盘
1206,13:49:36,11.0,-1.87,0.0,15,16500,卖盘
1207,13:49:33,11.0,-1.87,-0.01,5,5500,卖盘
1208,13:49:30,11.01,-1.78,0.0,1,1101,买盘
1209,13:49:27,11.01,-1.78,0.01,21,23121,买盘
1210,13:49:24,11.0,-1.87,-0.01,47,51700,卖盘
1211,13:49:21,11.01,-1.78,0.0,13,14313,买盘
1212,13:49:18,11.01,-1.78,0.01,2,2202,买盘
1213,13:49:15,11.0,-1.87,-0.01,25,27500,卖盘
1214,13:49:09,11.01,-1.78,0.0,1,1101,买盘
1215,13:49:06,11.01,-1.78,0.01,38,41838,买盘
1216,13:49:03,11.0,-1.87,-0.03,28,30800,卖盘
1217,13:48:57,11.03,-1.61,0.03,264,291192,买盘
1218,13:48:54,11.0,-1.87,0.0,1000,1100000,卖盘
1219,13:48:48,11.0,-1.87,-0.03,42,46200,卖盘
1220,13:48:45,11.03,-1.61,0.03,1,1103,买盘
1221,13:48:42,11.0,-1.87,0.0,6,6600,卖盘
1222,13:48:39,11.0,-1.87,-0.03,18,19800,卖盘
1223,13:48:36,11.03,-1.61,0.03,1,1103,买盘
1224,13:48:33,11.0,-1.87,0.0,8,8800,卖盘
1225,13:48:24,11.0,-1.87,-0.03,531,584100,卖盘
1226,13:48:12,11.03,-1.61,0.03,2,2206,买盘
1227,13:48:09,11.0,-1.87,-0.01,24,26400,卖盘
1228,13:48:06,11.01,-1.78,-0.02,1,1101,卖盘
1229,13:48:03,11.03,-1.61,0.02,22,24266,买盘
1230,13:47:57,11.01,-1.78,-0.02,65,71565,卖盘
1231,13:47:54,11.03,-1.61,0.02,10,11030,买盘
1232,13:47:51,11.01,-1.78,-0.01,39,42939,卖盘
1233,13:47:48,11.02,-1.69,0.0,6,6612,卖盘
1234,13:47:42,11.02,-1.69,0.0,84,92568,买盘
1235,13:47:39,11.02,-1.69,0.01,1,1102,买盘
1236,13:47:36,11.01,-1.78,-0.01,22,24222,卖盘
1237,13:47:33,11.02,-1.69,-0.01,50,55100,中性盘
1238,13:47:33,11.02,-1.69,0.01,50,55100,买盘
1239,13:47:30,11.01,-1.78,-0.01,13,14313,卖盘
1240,13:47:24,11.02,-1.69,-0.01,16,17632,卖盘
1241,13:47:18,11.03,-1.61,0.01,1,1103,买盘
1242,13:47:15,11.02,-1.69,0.0,25,27550,卖盘
1243,13:47:09,11.02,-1.69,-0.01,4,4408,卖盘
1244,13:47:06,11.03,-1.61,0.01,20,22060,买盘
1245,13:47:00,11.02,-1.69,0.0,17,18734,卖盘
1246,13:46:57,11.02,-1.69,0.01,79,87058,买盘
1247,13:46:54,11.01,-1.78,-0.01,4,4404,卖盘
1248,13:46:51,11.02,-1.69,0.0,6,6612,买盘
1249,13:46:45,11.02,-1.69,0.01,1,1102,买盘
1250,13:46:42,11.01,-1.78,-0.01,10,11010,卖盘
1251,13:46:33,11.02,-1.69,0.01,92,101384,买盘
1252,13:46:27,11.01,-1.78,-0.01,8,8808,卖盘
1253,13:46:24,11.02,-1.69,0.0,2,2204,买盘
1254,13:46:12,11.02,-1.69,0.01,1,1102,买盘
1255,13:46:09,11.01,-1.78,0.0,67,73767,买盘
1256,13:46:06,11.01,-1.78,0.0,2,2202,买盘
1257,13:46:00,11.01,-1.78,0.0,6,6606,卖盘
1258,13:45:57,11.01,-1.78,0.01,10,11010,中性盘
1259,13:45:54,11.0,-1.87,-0.01,12,13200,卖盘
1260,13:45:51,11.01,-1.78,0.01,178,195978,买盘
1261,13:45:45,11.0,-1.87,0.0,4,4400,卖盘
1262,13:45:42,11.0,-1.87,0.0,8,8800,卖盘
1263,13:45:39,11.0,-1.87,0.0,17,18700,卖盘
1264,13:45:36,11.0,-1.87,0.0,50,55000,卖盘
1265,13:45:33,11.0,-1.87,0.0,10,11000,卖盘
1266,13:45:30,11.0,-1.87,0.01,222,244200,买盘
1267,13:45:27,10.99,-1.96,0.0,3,3297,卖盘
1268,13:45:21,10.99,-1.96,0.0,38,41762,卖盘
1269,13:45:18,10.99,-1.96,0.01,60,65940,买盘
1270,13:45:15,10.98,-2.05,0.0,2,2196,卖盘
1271,13:45:09,10.98,-2.05,-0.01,14,15372,卖盘
1272,13:45:06,10.99,-1.96,0.01,1,1099,买盘
1273,13:45:00,10.98,-2.05,-0.01,5,5490,卖盘
1274,13:44:57,10.99,-1.96,0.0,1,1099,买盘
1275,13:44:54,10.99,-1.96,0.02,4,4396,买盘
1276,13:44:51,10.97,-2.14,-0.02,120,131640,卖盘
1277,13:44:48,10.99,-1.96,0.0,100,109900,买盘
1278,13:44:45,10.99,-1.96,0.0,1,1099,买盘
1279,13:44:42,10.99,-1.96,0.0,4,4396,卖盘
1280,13:44:36,10.99,-1.96,-0.01,5,5495,卖盘
1281,13:44:33,11.0,-1.87,0.02,19,20900,买盘
1282,13:44:30,10.98,-2.05,-0.01,15,16470,卖盘
1283,13:44:27,10.99,-1.96,0.0,10,10990,买盘
1284,13:44:24,10.99,-1.96,0.0,10,10990,买盘
1285,13:44:21,10.99,-1.96,0.01,1,1099,买盘
1286,13:44:18,10.98,-2.05,-0.01,82,90036,卖盘
1287,13:44:15,10.99,-1.96,0.0,7,7693,卖盘
1288,13:44:12,10.99,-1.96,0.0,5,5495,卖盘
1289,13:44:09,10.99,-1.96,-0.01,6,6594,卖盘
1290,13:44:06,11.0,-1.87,-0.01,10,11000,中性盘
1291,13:44:06,11.0,-1.87,-0.01,10,11000,中性盘
1292,13:44:03,11.01,-1.78,0.01,45,49545,买盘
1293,13:44:00,11.0,-1.87,0.0,11,12100,买盘
1294,13:43:54,11.0,-1.87,0.0,393,432300,买盘
1295,13:43:51,11.0,-1.87,-0.01,59,64900,卖盘
1296,13:43:48,11.01,-1.78,0.01,1,1101,买盘
1297,13:43:45,11.0,-1.87,0.0,50,55000,卖盘
1298,13:43:42,11.0,-1.87,0.0,76,83600,卖盘
1299,13:43:39,11.0,-1.87,-0.01,16,17600,卖盘
1300,13:43:36,11.01,-1.78,0.01,26,28626,买盘
1301,13:43:27,11.0,-1.87,-0.01,2,2200,卖盘
1302,13:43:24,11.01,-1.78,-0.01,56,61656,卖盘
1303,13:43:15,11.02,-1.69,0.01,11,12122,买盘
1304,13:43:12,11.01,-1.78,0.01,16,17616,买盘
1305,13:43:09,11.0,-1.87,0.0,14,15400,卖盘
1306,13:43:06,11.0,-1.87,0.0,5,5500,卖盘
1307,13:43:00,11.0,-1.87,-0.02,10,11000,卖盘
1308,13:42:57,11.02,-1.69,0.01,10,11020,买盘
1309,13:42:54,11.01,-1.78,-0.01,2,2202,中性盘
1310,13:42:51,11.02,-1.69,0.02,20,22040,买盘
1311,13:42:48,11.0,-1.87,0.0,103,113300,卖盘
1312,13:42:45,11.0,-1.87,-0.02,22,24200,卖盘
1313,13:42:42,11.02,-1.69,0.0,2,2204,买盘
1314,13:42:39,11.02,-1.69,0.0,20,22040,买盘
1315,13:42:36,11.02,-1.69,0.03,30,33060,买盘
1316,13:42:33,10.99,-1.96,-0.03,127,139573,卖盘
1317,13:42:30,11.02,-1.69,0.01,3,3306,买盘
1318,13:42:27,11.01,-1.78,0.0,42,46242,买盘
1319,13:42:24,11.01,-1.78,-0.01,4,4404,卖盘
1320,13:42:21,11.02,-1.69,0.01,13,14326,买盘
1321,13:42:18,11.01,-1.78,-0.01,1,1101,卖盘
1322,13:42:09,11.02,-1.69,0.01,43,47386,买盘
1323,13:42:06,11.01,-1.78,-0.01,6,6606,中性盘
1324,13:42:03,11.02,-1.69,0.02,15,16530,买盘
1325,13:42:00,11.0,-1.87,-0.01,6,6600,卖盘
1326,13:41:57,11.01,-1.78,0.0,2,2202,买盘
1327,13:41:54,11.01,-1.78,0.0,33,36333,卖盘
1328,13:41:51,11.01,-1.78,-0.01,6,6606,卖盘
1329,13:41:48,11.02,-1.69,0.01,1,1102,买盘
1330,13:41:45,11.01,-1.78,0.0,27,29727,买盘
1331,13:41:39,11.01,-1.78,0.01,10,11010,买盘
1332,13:41:36,11.0,-1.87,0.0,167,183700,卖盘
1333,13:41:33,11.0,-1.87,-0.01,45,49500,卖盘
1334,13:41:27,11.01,-1.78,0.0,49,53949,卖盘
1335,13:41:24,11.01,-1.78,0.0,11,12111,卖盘
1336,13:41:15,11.01,-1.78,0.0,38,41838,买盘
1337,13:41:12,11.01,-1.78,0.01,2,2202,买盘
1338,13:41:09,11.0,-1.87,-0.01,58,63800,卖盘
1339,13:41:03,11.01,-1.78,0.0,9,9909,买盘
1340,13:40:54,11.01,-1.78,0.0,30,33030,买盘
1341,13:40:51,11.01,-1.78,0.01,48,52848,买盘
1342,13:40:48,11.0,-1.87,0.0,6,6600,卖盘
1343,13:40:45,11.0,-1.87,-0.01,6,6600,卖盘
1344,13:40:42,11.01,-1.78,0.01,18,19818,买盘
1345,13:40:39,11.0,-1.87,0.0,30,33000,中性盘
1346,13:40:39,11.0,-1.87,-0.01,30,33000,卖盘
1347,13:40:36,11.01,-1.78,0.01,60,66060,买盘
1348,13:40:33,11.0,-1.87,0.0,1,1100,卖盘
1349,13:40:30,11.0,-1.87,0.0,8,8800,卖盘
1350,13:40:21,11.0,-1.87,-0.01,5,5500,卖盘
1351,13:40:18,11.01,-1.78,0.01,1,1101,买盘
1352,13:40:15,11.0,-1.87,0.0,80,88000,买盘
1353,13:40:12,11.0,-1.87,0.0,55,60500,买盘
1354,13:40:09,11.0,-1.87,0.01,8,8800,买盘
1355,13:40:06,10.99,-1.96,-0.01,16,17584,卖盘
1356,13:40:03,11.0,-1.87,0.0,50,55000,买盘
1357,13:40:00,11.0,-1.87,0.0,2,2200,买盘
1358,13:39:57,11.0,-1.87,-0.01,1,1100,买盘
1359,13:39:54,11.01,-1.78,0.01,1781,1960881,买盘
1360,13:39:51,11.0,-1.87,0.0,28,30800,卖盘
1361,13:39:48,11.0,-1.87,-0.01,100,110000,卖盘
1362,13:39:45,11.01,-1.78,0.01,2,2202,买盘
1363,13:39:42,11.0,-1.87,0.0,113,124300,卖盘
1364,13:39:36,11.0,-1.87,-0.01,511,562100,卖盘
1365,13:39:33,11.01,-1.78,0.0,1,1101,买盘
1366,13:39:30,11.01,-1.78,0.0,50,55050,买盘
1367,13:39:24,11.01,-1.78,0.0,1,1101,买盘
1368,13:39:21,11.01,-1.78,-0.01,40,44040,卖盘
1369,13:39:12,11.02,-1.69,0.01,1,1102,买盘
1370,13:39:09,11.01,-1.78,-0.01,69,75969,卖盘
1371,13:39:06,11.02,-1.69,0.0,3,3306,买盘
1372,13:39:03,11.02,-1.69,0.01,1,1102,买盘
1373,13:39:00,11.01,-1.78,-0.01,20,22020,卖盘
1374,13:38:54,11.02,-1.69,0.0,10,11020,买盘
1375,13:38:51,11.02,-1.69,0.0,2,2204,买盘
1376,13:38:48,11.02,-1.69,0.0,50,55100,买盘
1377,13:38:45,11.02,-1.69,0.0,1,1102,买盘
1378,13:38:42,11.02,-1.69,0.0,12,13224,买盘
1379,13:38:39,11.02,-1.69,0.0,8,8816,卖盘
1380,13:38:36,11.02,-1.69,0.01,77,84854,买盘
1381,13:38:30,11.01,-1.78,0.0,19,20919,卖盘
1382,13:38:24,11.01,-1.78,-0.01,10,11010,卖盘
1383,13:38:21,11.02,-1.69,0.0,7,7714,买盘
1384,13:38:18,11.02,-1.69,0.0,1,1102,买盘
1385,13:38:15,11.02,-1.69,0.0,9,9918,买盘
1386,13:38:06,11.02,-1.69,0.01,8,8816,买盘
1387,13:38:03,11.01,-1.78,-0.01,24,26424,卖盘
1388,13:38:00,11.02,-1.69,0.01,10,11020,买盘
1389,13:37:57,11.01,-1.78,-0.01,25,27525,卖盘
1390,13:37:51,11.02,-1.69,0.0,122,134444,买盘
1391,13:37:48,11.02,-1.69,0.0,2,2204,买盘
1392,13:37:45,11.02,-1.69,0.0,93,102486,买盘
1393,13:37:39,11.02,-1.69,0.0,2,2204,买盘
1394,13:37:33,11.02,-1.69,0.01,25,27550,买盘
1395,13:37:30,11.01,-1.78,-0.01,6,6606,卖盘
1396,13:37:27,11.02,-1.69,0.01,1,1102,买盘
1397,13:37:24,11.01,-1.78,-0.01,61,67161,卖盘
1398,13:37:18,11.02,-1.69,0.01,21,23142,买盘
1399,13:37:15,11.01,-1.78,-0.01,15,16515,卖盘
1400,13:37:12,11.02,-1.69,-0.01,5,5510,中性盘
1401,13:37:12,11.02,-1.69,0.01,5,5510,买盘
1402,13:37:03,11.01,-1.78,-0.01,6,6606,卖盘
1403,13:37:00,11.02,-1.69,0.0,40,44080,买盘
1404,13:36:51,11.02,-1.69,0.0,1,1102,买盘
1405,13:36:48,11.02,-1.69,0.0,20,22040,买盘
1406,13:36:45,11.02,-1.69,0.01,3,3306,买盘
1407,13:36:42,11.01,-1.78,-0.02,365,401865,卖盘
1408,13:36:39,11.03,-1.61,0.01,4,4412,买盘
1409,13:36:36,11.02,-1.69,-0.01,25,27550,卖盘
1410,13:36:33,11.03,-1.61,0.0,21,23163,买盘
1411,13:36:30,11.03,-1.61,0.0,10,11030,买盘
1412,13:36:27,11.03,-1.61,0.0,26,28678,买盘
1413,13:36:24,11.03,-1.61,0.0,10,11030,买盘
1414,13:36:21,11.03,-1.61,-0.01,339,373917,卖盘
1415,13:36:15,11.04,-1.52,0.0,51,56304,买盘
1416,13:36:12,11.04,-1.52,0.01,67,73968,买盘
1417,13:36:06,11.03,-1.61,-0.01,7,7721,卖盘
1418,13:36:03,11.04,-1.52,0.0,3,3312,买盘
1419,13:36:00,11.04,-1.52,0.0,11,12144,卖盘
1420,13:35:57,11.04,-1.52,-0.01,20,22080,卖盘
1421,13:35:54,11.05,-1.43,0.0,1,1105,买盘
1422,13:35:51,11.05,-1.43,0.0,20,22100,买盘
1423,13:35:45,11.05,-1.43,0.0,61,67405,买盘
1424,13:35:42,11.05,-1.43,0.0,11,12155,买盘
1425,13:35:36,11.05,-1.43,0.0,3,3315,买盘
1426,13:35:33,11.05,-1.43,0.01,116,128180,卖盘
1427,13:35:30,11.04,-1.52,-0.02,16,17664,卖盘
1428,13:35:27,11.06,-1.34,0.01,81,89586,买盘
1429,13:35:24,11.05,-1.43,0.0,46,50830,卖盘
1430,13:35:21,11.05,-1.43,0.0,33,36465,卖盘
1431,13:35:12,11.05,-1.43,-0.01,20,22100,卖盘
1432,13:35:09,11.06,-1.34,-0.01,60,66360,卖盘
1433,13:35:06,11.07,-1.25,0.0,35,38745,买盘
1434,13:35:00,11.07,-1.25,0.0,209,231363,买盘
1435,13:34:57,11.07,-1.25,0.01,302,334314,买盘
1436,13:34:54,11.06,-1.34,0.01,287,317422,买盘
1437,13:34:51,11.05,-1.43,-0.02,219,241995,卖盘
1438,13:34:48,11.07,-1.25,0.0,2,2214,买盘
1439,13:34:39,11.07,-1.25,0.01,4,4428,买盘
1440,13:34:36,11.06,-1.34,0.0,21,23226,买盘
1441,13:34:33,11.06,-1.34,0.01,10,11060,买盘
1442,13:34:30,11.05,-1.43,0.01,19,20995,买盘
1443,13:34:27,11.04,-1.52,-0.02,8,8832,卖盘
1444,13:34:24,11.06,-1.34,0.01,56,61936,买盘
1445,13:34:21,11.05,-1.43,0.0,4,4420,买盘
1446,13:34:18,11.05,-1.43,-0.01,38,41990,中性盘
1447,13:34:15,11.06,-1.34,0.0,7,7742,买盘
1448,13:34:06,11.06,-1.34,0.0,109,120554,买盘
1449,13:34:03,11.06,-1.34,0.03,21,23226,中性盘
1450,13:34:00,11.03,-1.61,-0.02,27,29781,卖盘
1451,13:33:57,11.05,-1.43,0.0,17,18785,卖盘
1452,13:33:54,11.05,-1.43,0.0,77,85085,卖盘
1453,13:33:51,11.05,-1.43,-0.01,112,123760,卖盘
1454,13:33:48,11.06,-1.34,0.0,111,122766,买盘
1455,13:33:45,11.06,-1.34,0.0,68,75208,中性盘
1456,13:33:45,11.06,-1.34,0.01,68,75208,买盘
1457,13:33:42,11.05,-1.43,-0.02,25,27625,卖盘
1458,13:33:39,11.07,-1.25,0.02,2,2214,中性盘
1459,13:33:36,11.05,-1.43,-0.03,132,145860,卖盘
1460,13:33:33,11.08,-1.16,0.01,4,4432,买盘
1461,13:33:30,11.07,-1.25,0.01,159,176013,买盘
1462,13:33:27,11.06,-1.34,-0.01,90,99540,卖盘
1463,13:33:21,11.07,-1.25,0.02,2,2214,买盘
1464,13:33:18,11.05,-1.43,-0.01,112,123760,卖盘
1465,13:33:15,11.06,-1.34,0.0,1,1106,买盘
1466,13:33:09,11.06,-1.34,0.01,1,1106,买盘
1467,13:33:06,11.05,-1.43,0.02,171,188955,买盘
1468,13:33:03,11.03,-1.61,0.01,10,11030,买盘
1469,13:32:57,11.02,-1.69,0.0,22,24244,卖盘
1470,13:32:54,11.02,-1.69,0.0,67,73834,买盘
1471,13:32:51,11.02,-1.69,0.0,30,33060,买盘
1472,13:32:48,11.02,-1.69,0.01,9,9918,买盘
1473,13:32:42,11.01,-1.78,0.01,12,13212,卖盘
1474,13:32:39,11.0,-1.87,-0.02,31,34100,卖盘
1475,13:32:36,11.02,-1.69,0.01,134,147668,买盘
1476,13:32:30,11.01,-1.78,-0.01,17,18717,买盘
1477,13:32:27,11.02,-1.69,0.0,97,106894,买盘
1478,13:32:24,11.02,-1.69,0.02,5,5510,买盘
1479,13:32:21,11.0,-1.87,-0.02,6,6600,卖盘
1480,13:32:18,11.02,-1.69,0.0,110,121220,买盘
1481,13:32:15,11.02,-1.69,0.02,1,1102,买盘
1482,13:32:12,11.0,-1.87,0.0,50,55000,卖盘
1483,13:32:09,11.0,-1.87,0.0,68,74800,卖盘
1484,13:32:06,11.0,-1.87,-0.01,95,104500,卖盘
1485,13:32:03,11.01,-1.78,0.01,1,1101,买盘
1486,13:32:00,11.0,-1.87,0.0,22,24200,买盘
1487,13:31:57,11.0,-1.87,0.0,20,22000,买盘
1488,13:31:54,11.0,-1.87,0.0,86,94600,买盘
1489,13:31:51,11.0,-1.87,-0.01,23,25300,卖盘
1490,13:31:48,11.01,-1.78,0.01,40,44040,买盘
1491,13:31:45,11.0,-1.87,-0.01,179,196900,卖盘
1492,13:31:42,11.01,-1.78,0.0,125,137625,买盘
1493,13:31:39,11.01,-1.78,0.01,16,17616,买盘
1494,13:31:36,11.0,-1.87,0.0,52,57200,卖盘
1495,13:31:33,11.0,-1.87,0.0,20,22000,卖盘
1496,13:31:30,11.0,-1.87,-0.01,41,45100,卖盘
1497,13:31:27,11.01,-1.78,0.01,25,27525,买盘
1498,13:31:24,11.0,-1.87,0.01,68,74800,买盘
1499,13:31:21,10.99,-1.96,-0.01,55,60445,卖盘
1500,13:31:18,11.0,-1.87,0.01,227,249700,买盘
1501,13:31:15,10.99,-1.96,-0.01,18,19782,卖盘
1502,13:31:09,11.0,-1.87,0.0,190,209000,买盘
1503,13:31:06,11.0,-1.87,0.0,70,77000,买盘
1504,13:31:00,11.0,-1.87,0.0,5,5500,买盘
1505,13:30:57,11.0,-1.87,0.0,200,220000,买盘
1506,13:30:54,11.0,-1.87,0.01,4,4400,买盘
1507,13:30:48,10.99,-1.96,-0.01,4,4396,卖盘
1508,13:30:45,11.0,-1.87,0.0,1,1100,买盘
1509,13:30:42,11.0,-1.87,0.01,1,1100,买盘
1510,13:30:39,10.99,-1.96,0.0,90,98910,买盘
1511,13:30:36,10.99,-1.96,0.0,4,4396,买盘
1512,13:30:33,10.99,-1.96,0.0,5,5495,买盘
1513,13:30:30,10.99,-1.96,-0.01,12,13188,卖盘
1514,13:30:27,11.0,-1.87,0.01,218,239800,买盘
1515,13:30:24,10.99,-1.96,0.01,11,12089,买盘
1516,13:30:21,10.98,-2.05,-0.01,126,138348,卖盘
1517,13:30:18,10.99,-1.96,-0.01,18,19782,中性盘
1518,13:30:18,10.99,-1.96,-0.01,18,19782,卖盘
1519,13:30:15,11.0,-1.87,0.01,12,13200,买盘
1520,13:30:12,10.99,-1.96,0.0,27,29673,买盘
1521,13:30:09,10.99,-1.96,0.01,40,43960,买盘
1522,13:30:06,10.98,-2.05,-0.01,64,70272,卖盘
1523,13:30:03,10.99,-1.96,0.0,63,69237,买盘
1524,13:30:00,10.99,-1.96,0.0,13,14287,买盘
1525,13:29:57,10.99,-1.96,0.0,41,45059,卖盘
1526,13:29:54,10.99,-1.96,0.0,93,102207,买盘
1527,13:29:51,10.99,-1.96,0.0,8,8792,买盘
1528,13:29:48,10.99,-1.96,0.01,5,5495,买盘
1529,13:29:45,10.98,-2.05,-0.01,160,175680,卖盘
1530,13:29:39,10.99,-1.96,0.01,5,5495,买盘
1531,13:29:36,10.98,-2.05,-0.01,107,117486,卖盘
1532,13:29:33,10.99,-1.96,0.0,17,18683,买盘
1533,13:29:27,10.99,-1.96,0.01,31,34069,买盘
1534,13:29:24,10.98,-2.05,0.0,13,14274,卖盘
1535,13:29:21,10.98,-2.05,-0.01,59,64782,卖盘
1536,13:29:18,10.99,-1.96,0.0,2,2198,买盘
1537,13:29:12,10.99,-1.96,-0.01,233,256067,卖盘
1538,13:29:06,11.0,-1.87,0.01,2,2200,买盘
1539,13:29:03,10.99,-1.96,-0.01,43,47257,卖盘
1540,13:29:00,11.0,-1.87,0.01,10,11000,买盘
1541,13:28:57,10.99,-1.96,-0.01,2,2198,卖盘
1542,13:28:54,11.0,-1.87,0.01,1,1100,买盘
1543,13:28:51,10.99,-1.96,-0.01,6,6594,卖盘
1544,13:28:45,11.0,-1.87,0.0,11,12100,买盘
1545,13:28:42,11.0,-1.87,0.01,10,11000,买盘
1546,13:28:39,10.99,-1.96,-0.01,17,18683,卖盘
1547,13:28:33,11.0,-1.87,0.0,3,3300,买盘
1548,13:28:30,11.0,-1.87,0.0,5,5500,买盘
1549,13:28:24,11.0,-1.87,0.0,10,11000,买盘
1550,13:28:21,11.0,-1.87,0.0,7,7700,买盘
1551,13:28:18,11.0,-1.87,0.0,21,23100,卖盘
1552,13:28:15,11.0,-1.87,0.0,109,119900,卖盘
1553,13:28:12,11.0,-1.87,0.0,12,13200,卖盘
1554,13:28:06,11.0,-1.87,0.0,15,16500,卖盘
1555,13:28:00,11.0,-1.87,0.0,27,29700,卖盘
1556,13:27:57,11.0,-1.87,-0.01,48,52800,卖盘
1557,13:27:51,11.01,-1.78,0.0,10,11010,买盘
1558,13:27:48,11.01,-1.78,0.02,21,23121,买盘
1559,13:27:42,10.99,-1.96,0.0,11,12089,卖盘
1560,13:27:39,10.99,-1.96,-0.01,22,24178,卖盘
1561,13:27:36,11.0,-1.87,0.0,172,189200,买盘
1562,13:27:33,11.0,-1.87,0.0,4,4400,买盘
1563,13:27:30,11.0,-1.87,0.0,2,2200,买盘
1564,13:27:27,11.0,-1.87,0.0,1,1100,买盘
1565,13:27:24,11.0,-1.87,0.0,28,30800,买盘
1566,13:27:18,11.0,-1.87,0.0,54,59400,买盘
1567,13:27:15,11.0,-1.87,0.0,149,163900,卖盘
1568,13:27:09,11.0,-1.87,-0.01,41,45100,卖盘
1569,13:27:06,11.01,-1.78,0.0,2,2202,买盘
1570,13:27:03,11.01,-1.78,0.01,120,132120,买盘
1571,13:27:00,11.0,-1.87,0.0,61,67100,卖盘
1572,13:26:57,11.0,-1.87,-0.01,30,33000,卖盘
1573,13:26:54,11.01,-1.78,0.01,16,17616,买盘
1574,13:26:51,11.0,-1.87,0.0,38,41800,中性盘
1575,13:26:51,11.0,-1.87,0.0,38,41800,卖盘
1576,13:26:48,11.0,-1.87,0.0,25,27500,卖盘
1577,13:26:45,11.0,-1.87,0.0,42,46200,卖盘
1578,13:26:42,11.0,-1.87,0.0,3,3300,卖盘
1579,13:26:39,11.0,-1.87,0.0,5,5500,卖盘
1580,13:26:36,11.0,-1.87,-0.01,30,33000,卖盘
1581,13:26:33,11.01,-1.78,0.0,1,1101,买盘
1582,13:26:30,11.01,-1.78,-0.01,128,140928,卖盘
1583,13:26:27,11.02,-1.69,0.01,20,22040,买盘
1584,13:26:24,11.01,-1.78,-0.01,21,23121,卖盘
1585,13:26:21,11.02,-1.69,0.0,21,23142,买盘
1586,13:26:18,11.02,-1.69,0.0,2,2204,买盘
1587,13:26:09,11.02,-1.69,0.0,14,15428,买盘
1588,13:26:06,11.02,-1.69,0.01,150,165300,买盘
1589,13:26:03,11.01,-1.78,0.0,24,26424,买盘
1590,13:26:00,11.01,-1.78,0.0,79,86979,卖盘
1591,13:25:57,11.01,-1.78,0.0,6,6606,卖盘
1592,13:25:54,11.01,-1.78,0.0,15,16515,卖盘
1593,13:25:51,11.01,-1.78,0.0,8,8808,卖盘
1594,13:25:48,11.01,-1.78,-0.01,50,55050,卖盘
1595,13:25:45,11.02,-1.69,0.0,10,11020,买盘
1596,13:25:42,11.02,-1.69,0.01,21,23142,买盘
1597,13:25:39,11.01,-1.78,-0.01,20,22020,卖盘
1598,13:25:36,11.02,-1.69,0.0,1,1102,买盘
1599,13:25:33,11.02,-1.69,0.01,11,12122,买盘
1600,13:25:27,11.01,-1.78,-0.01,77,84777,卖盘
1601,13:25:15,11.02,-1.69,0.0,46,50692,买盘
1602,13:25:12,11.02,-1.69,0.01,10,11020,买盘
1603,13:25:09,11.01,-1.78,-0.01,3,3303,卖盘
1604,13:25:03,11.02,-1.69,0.01,9,9918,买盘
1605,13:24:57,11.01,-1.78,0.0,44,48444,卖盘
1606,13:24:51,11.01,-1.78,0.01,62,68262,买盘
1607,13:24:48,11.0,-1.87,0.0,23,25300,买盘
1608,13:24:45,11.0,-1.87,0.0,10,11000,买盘
1609,13:24:42,11.0,-1.87,0.01,61,67100,买盘
1610,13:24:39,10.99,-1.96,-0.01,31,34069,卖盘
1611,13:24:36,11.0,-1.87,0.0,2,2200,买盘
1612,13:24:33,11.0,-1.87,0.01,5,5500,买盘
1613,13:24:30,10.99,-1.96,-0.01,64,70336,卖盘
1614,13:24:27,11.0,-1.87,0.0,11,12100,买盘
1615,13:24:24,11.0,-1.87,0.0,157,172700,买盘
1616,13:24:18,11.0,-1.87,0.01,14,15400,买盘
1617,13:24:15,10.99,-1.96,0.0,7,7693,买盘
1618,13:24:09,10.99,-1.96,0.01,13,14287,买盘
1619,13:24:06,10.98,-2.05,0.01,7,7686,卖盘
1620,13:24:03,10.97,-2.14,-0.01,20,21940,卖盘
1621,13:24:00,10.98,-2.05,0.0,65,71370,买盘
1622,13:23:57,10.98,-2.05,0.0,11,12078,买盘
1623,13:23:54,10.98,-2.05,0.01,42,46116,买盘
1624,13:23:45,10.97,-2.14,0.01,50,54850,买盘
1625,13:23:39,10.96,-2.23,0.0,56,61376,买盘
1626,13:23:36,10.96,-2.23,0.01,1,1096,买盘
1627,13:23:33,10.95,-2.32,-0.01,12,13140,卖盘
1628,13:23:30,10.96,-2.23,0.01,55,60280,买盘
1629,13:23:27,10.95,-2.32,0.0,27,29565,买盘
1630,13:23:24,10.95,-2.32,0.0,36,39420,中性盘
1631,13:23:24,10.95,-2.32,0.0,36,39420,买盘
1632,13:23:21,10.95,-2.32,0.01,20,21900,买盘
1633,13:23:15,10.94,-2.41,0.0,461,504334,买盘
1634,13:23:12,10.94,-2.41,0.01,20,21880,买盘
1635,13:23:09,10.93,-2.50,-0.01,95,103835,卖盘
1636,13:23:06,10.94,-2.41,0.0,49,53606,买盘
1637,13:23:03,10.94,-2.41,0.0,188,205672,买盘
1638,13:23:00,10.94,-2.41,0.0,27,29538,买盘
1639,13:22:57,10.94,-2.41,0.0,34,37196,买盘
1640,13:22:54,10.94,-2.41,0.0,35,38290,买盘
1641,13:22:51,10.94,-2.41,0.0,187,204578,买盘
1642,13:22:48,10.94,-2.41,0.0,10,10940,买盘
1643,13:22:45,10.94,-2.41,0.0,113,123622,买盘
1644,13:22:42,10.94,-2.41,0.0,33,36102,买盘
1645,13:22:39,10.94,-2.41,0.01,112,122528,买盘
1646,13:22:36,10.93,-2.50,-0.01,29,31697,卖盘
1647,13:22:33,10.94,-2.41,0.01,34,37196,买盘
1648,13:22:30,10.93,-2.50,0.0,6,6558,卖盘
1649,13:22:27,10.93,-2.50,-0.01,21,22953,卖盘
1650,13:22:24,10.94,-2.41,0.01,141,154254,买盘
1651,13:22:21,10.93,-2.50,-0.01,8,8744,卖盘
1652,13:22:18,10.94,-2.41,0.01,6,6564,买盘
1653,13:22:15,10.93,-2.50,-0.01,23,25139,卖盘
1654,13:22:12,10.94,-2.41,0.01,32,35008,买盘
1655,13:22:09,10.93,-2.50,-0.01,17,18581,卖盘
1656,13:22:06,10.94,-2.41,0.0,7,7658,买盘
1657,13:22:03,10.94,-2.41,0.01,113,123622,买盘
1658,13:21:57,10.93,-2.50,-0.01,33,36069,卖盘
1659,13:21:54,10.94,-2.41,0.01,17,18598,买盘
1660,13:21:51,10.93,-2.50,0.0,23,25139,卖盘
1661,13:21:48,10.93,-2.50,-0.01,110,120230,卖盘
1662,13:21:45,10.94,-2.41,0.01,11,12034,买盘
1663,13:21:42,10.93,-2.50,-0.01,24,26232,卖盘
1664,13:21:36,10.94,-2.41,0.0,23,25162,买盘
1665,13:21:33,10.94,-2.41,0.0,1,1094,买盘
1666,13:21:30,10.94,-2.41,-0.01,314,343516,卖盘
1667,13:21:24,10.95,-2.32,0.01,7,7665,买盘
1668,13:21:21,10.94,-2.41,0.0,44,48136,卖盘
1669,13:21:18,10.94,-2.41,0.0,10,10940,卖盘
1670,13:21:15,10.94,-2.41,0.0,14,15316,卖盘
1671,13:21:12,10.94,-2.41,0.01,21,22974,中性盘
1672,13:21:06,10.93,-2.50,-0.01,64,69952,卖盘
1673,13:21:03,10.94,-2.41,0.0,77,84238,买盘
1674,13:21:00,10.94,-2.41,0.0,31,33914,买盘
1675,13:20:54,10.94,-2.41,-0.01,8,8752,卖盘
1676,13:20:51,10.95,-2.32,0.01,2,2190,买盘
1677,13:20:48,10.94,-2.41,-0.01,12,13128,卖盘
1678,13:20:45,10.95,-2.32,0.0,336,367920,买盘
1679,13:20:42,10.95,-2.32,0.0,98,107310,买盘
1680,13:20:39,10.95,-2.32,0.0,68,74460,卖盘
1681,13:20:36,10.95,-2.32,0.0,2,2190,买盘
1682,13:20:33,10.95,-2.32,0.0,110,120450,买盘
1683,13:20:30,10.95,-2.32,0.0,5,5475,买盘
1684,13:20:27,10.95,-2.32,0.0,28,30660,买盘
1685,13:20:24,10.95,-2.32,0.0,5,5475,买盘
1686,13:20:21,10.95,-2.32,0.0,1,1095,买盘
1687,13:20:18,10.95,-2.32,-0.01,61,66795,卖盘
1688,13:20:15,10.96,-2.23,0.01,20,21920,买盘
1689,13:20:12,10.95,-2.32,0.0,93,101835,卖盘
1690,13:20:09,10.95,-2.32,0.0,20,21900,卖盘
1691,13:20:06,10.95,-2.32,0.0,111,121545,卖盘
1692,13:20:03,10.95,-2.32,0.0,6,6570,卖盘
1693,13:20:00,10.95,-2.32,-0.01,89,97455,卖盘
1694,13:19:57,10.96,-2.23,-0.01,30,32880,中性盘
1695,13:19:57,10.96,-2.23,0.0,30,32880,买盘
1696,13:19:54,10.96,-2.23,0.01,81,88776,买盘
1697,13:19:51,10.95,-2.32,-0.01,29,31755,卖盘
1698,13:19:48,10.96,-2.23,0.0,20,21920,买盘
1699,13:19:45,10.96,-2.23,0.0,221,242216,卖盘
1700,13:19:42,10.96,-2.23,-0.01,75,82200,卖盘
1701,13:19:39,10.97,-2.14,0.01,27,29619,买盘
1702,13:19:36,10.96,-2.23,-0.01,71,77816,卖盘
1703,13:19:33,10.97,-2.14,-0.01,22,24134,中性盘
1704,13:19:30,10.98,-2.05,0.0,42,46116,买盘
1705,13:19:27,10.98,-2.05,0.01,43,47214,买盘
1706,13:19:24,10.97,-2.14,-0.01,15,16455,卖盘
1707,13:19:21,10.98,-2.05,0.0,19,20862,买盘
1708,13:19:18,10.98,-2.05,0.02,14,15372,买盘
1709,13:19:15,10.96,-2.23,-0.01,141,154536,卖盘
1710,13:19:12,10.97,-2.14,-0.01,145,159065,卖盘
1711,13:19:09,10.98,-2.05,0.0,147,161406,卖盘
1712,13:19:06,10.98,-2.05,0.0,15,16470,卖盘
1713,13:19:00,10.98,-2.05,0.0,34,37332,卖盘
1714,13:18:57,10.98,-2.05,0.01,50,54900,买盘
1715,13:18:51,10.97,-2.14,0.01,24,26328,买盘
1716,13:18:48,10.96,-2.23,0.0,26,28496,卖盘
1717,13:18:39,10.96,-2.23,0.0,31,33976,买盘
1718,13:18:36,10.96,-2.23,0.0,19,20824,买盘
1719,13:18:33,10.96,-2.23,0.0,1,1096,买盘
1720,13:18:30,10.96,-2.23,0.01,130,142480,买盘
1721,13:18:27,10.95,-2.32,0.0,221,241995,买盘
1722,13:18:24,10.95,-2.32,0.0,213,233235,买盘
1723,13:18:21,10.95,-2.32,0.0,349,382155,买盘
1724,13:18:18,10.95,-2.32,0.0,48,52560,买盘
1725,13:18:15,10.95,-2.32,0.0,158,173010,买盘
1726,13:18:12,10.95,-2.32,0.0,266,291270,买盘
1727,13:18:09,10.95,-2.32,0.0,9,9855,买盘
1728,13:18:06,10.95,-2.32,0.01,13,14235,买盘
1729,13:18:03,10.94,-2.41,0.0,26,28444,卖盘
1730,13:18:00,10.94,-2.41,0.0,14,15316,卖盘
1731,13:17:57,10.94,-2.41,0.01,1,1094,中性盘
1732,13:17:54,10.93,-2.50,0.0,147,160671,卖盘
1733,13:17:51,10.93,-2.50,0.0,169,184717,卖盘
1734,13:17:48,10.93,-2.50,-0.01,8,8744,卖盘
1735,13:17:45,10.94,-2.41,0.01,12,13128,买盘
1736,13:17:42,10.93,-2.50,0.0,105,114765,买盘
1737,13:17:39,10.93,-2.50,0.0,568,620824,买盘
1738,13:17:36,10.93,-2.50,0.0,243,265599,买盘
1739,13:17:33,10.93,-2.50,0.0,159,173787,买盘
1740,13:17:30,10.93,-2.50,0.0,10,10930,买盘
1741,13:17:27,10.93,-2.50,0.0,83,90719,买盘
1742,13:17:24,10.93,-2.50,-0.02,1017,1111581,卖盘
1743,13:17:21,10.95,-2.32,0.0,34,37230,买盘
1744,13:17:18,10.95,-2.32,0.0,21,22995,买盘
1745,13:17:15,10.95,-2.32,0.02,29,31755,买盘
1746,13:17:12,10.93,-2.50,-0.02,10,10930,卖盘
1747,13:17:09,10.95,-2.32,0.02,171,187245,买盘
1748,13:17:06,10.93,-2.50,0.0,21,22953,卖盘
1749,13:17:03,10.93,-2.50,0.0,185,202205,卖盘
1750,13:17:00,10.93,-2.50,0.0,20,21860,卖盘
1751,13:16:57,10.93,-2.50,0.0,118,128974,卖盘
1752,13:16:54,10.93,-2.50,0.0,84,91812,卖盘
1753,13:16:51,10.93,-2.50,0.0,53,57929,买盘
1754,13:16:48,10.93,-2.50,0.0,16,17488,买盘
1755,13:16:45,10.93,-2.50,0.0,290,316970,卖盘
1756,13:16:42,10.93,-2.50,-0.01,54,59022,卖盘
1757,13:16:39,10.94,-2.41,0.0,137,149878,卖盘
1758,13:16:36,10.94,-2.41,0.0,236,258184,卖盘
1759,13:16:33,10.94,-2.41,-0.01,127,138938,卖盘
1760,13:16:30,10.95,-2.32,-0.01,7,7665,中性盘
1761,13:16:30,10.95,-2.32,0.0,7,7665,买盘
1762,13:16:27,10.95,-2.32,0.0,293,320835,卖盘
1763,13:16:24,10.95,-2.32,-0.01,284,310980,卖盘
1764,13:16:21,10.96,-2.23,0.01,83,90968,买盘
1765,13:16:18,10.95,-2.32,-0.01,90,98550,卖盘
1766,13:16:15,10.96,-2.23,0.0,26,28496,买盘
1767,13:16:12,10.96,-2.23,0.0,75,82200,卖盘
1768,13:16:09,10.96,-2.23,-0.01,8,8768,卖盘
1769,13:16:06,10.97,-2.14,0.0,402,440994,卖盘
1770,13:16:03,10.97,-2.14,0.0,228,250116,卖盘
1771,13:16:00,10.97,-2.14,0.0,419,459643,卖盘
1772,13:15:54,10.97,-2.14,-0.01,105,115185,卖盘
1773,13:15:51,10.98,-2.05,0.0,63,69174,买盘
1774,13:15:48,10.98,-2.05,0.0,237,260226,卖盘
1775,13:15:45,10.98,-2.05,0.0,113,124074,卖盘
1776,13:15:42,10.98,-2.05,-0.01,104,114192,卖盘
1777,13:15:39,10.99,-1.96,0.01,11,12089,买盘
1778,13:15:36,10.98,-2.05,-0.02,71,77958,卖盘
1779,13:15:33,11.0,-1.87,0.0,26,28600,买盘
1780,13:15:30,11.0,-1.87,0.01,47,51700,买盘
1781,13:15:27,10.99,-1.96,-0.01,76,83524,卖盘
1782,13:15:24,11.0,-1.87,0.0,71,78100,买盘
1783,13:15:21,11.0,-1.87,0.0,33,36300,买盘
1784,13:15:18,11.0,-1.87,0.0,576,633919,卖盘
1785,13:15:15,11.0,-1.87,0.0,683,751300,卖盘
1786,13:15:12,11.0,-1.87,0.0,361,397100,卖盘
1787,13:15:09,11.0,-1.87,0.0,1954,2149400,卖盘
1788,13:15:06,11.0,-1.87,0.0,179,196900,卖盘
1789,13:15:03,11.0,-1.87,0.0,330,363000,卖盘
1790,13:15:00,11.0,-1.87,0.0,123,135300,卖盘
1791,13:14:57,11.0,-1.87,0.0,75,82500,卖盘
1792,13:14:51,11.0,-1.87,0.0,86,94600,卖盘
1793,13:14:48,11.0,-1.87,-0.01,114,125400,卖盘
1794,13:14:45,11.01,-1.78,0.01,56,62438,买盘
1795,13:14:42,11.0,-1.87,-0.01,94,103400,卖盘
1796,13:14:39,11.01,-1.78,0.01,1,1101,买盘
1797,13:14:36,11.0,-1.87,-0.01,21,23100,卖盘
1798,13:14:33,11.01,-1.78,0.0,53,58672,卖盘
1799,13:14:30,11.01,-1.78,0.0,110,121110,卖盘
1800,13:14:27,11.01,-1.78,-0.01,311,342411,卖盘
1801,13:14:24,11.02,-1.69,0.01,76,83752,买盘
1802,13:14:21,11.01,-1.78,0.0,256,281856,卖盘
1803,13:14:18,11.01,-1.78,0.0,6,6606,卖盘
1804,13:14:15,11.01,-1.78,-0.01,273,300573,卖盘
1805,13:14:12,11.02,-1.69,0.0,18,19836,买盘
1806,13:14:09,11.02,-1.69,0.01,101,111302,买盘
1807,13:14:06,11.01,-1.78,0.0,18,19818,卖盘
1808,13:14:03,11.01,-1.78,-0.01,206,226806,卖盘
1809,13:14:00,11.02,-1.69,0.0,71,78242,卖盘
1810,13:13:57,11.02,-1.69,0.0,197,217094,卖盘
1811,13:13:54,11.02,-1.69,-0.01,20,22040,卖盘
1812,13:13:51,11.03,-1.61,0.0,23,25369,买盘
1813,13:13:48,11.03,-1.61,0.01,111,122433,买盘
1814,13:13:45,11.02,-1.69,0.0,11,12122,卖盘
1815,13:13:42,11.02,-1.69,-0.01,50,55100,卖盘
1816,13:13:39,11.03,-1.61,0.0,1,1103,买盘
1817,13:13:36,11.03,-1.61,0.0,25,27575,卖盘
1818,13:13:33,11.03,-1.61,-0.01,166,183098,卖盘
1819,13:13:30,11.04,-1.52,0.01,2,2208,买盘
1820,13:13:24,11.03,-1.61,0.0,90,99270,买盘
1821,13:13:18,11.03,-1.61,0.01,60,66180,买盘
1822,13:13:15,11.02,-1.69,0.0,3,3306,卖盘
1823,13:13:12,11.02,-1.69,0.0,84,92568,卖盘
1824,13:13:09,11.02,-1.69,0.0,129,142158,卖盘
1825,13:13:06,11.02,-1.69,0.0,287,316274,卖盘
1826,13:13:03,11.02,-1.69,0.0,15,16530,中性盘
1827,13:13:03,11.02,-1.69,0.0,15,16530,卖盘
1828,13:13:00,11.02,-1.69,-0.01,13,14326,卖盘
1829,13:12:57,11.03,-1.61,0.0,11,12133,买盘
1830,13:12:54,11.03,-1.61,0.0,64,70592,买盘
1831,13:12:51,11.03,-1.61,-0.01,45,49635,卖盘
1832,13:12:45,11.04,-1.52,0.01,16,17664,买盘
1833,13:12:42,11.03,-1.61,-0.01,67,73901,卖盘
1834,13:12:36,11.04,-1.52,-0.01,8,8832,卖盘
1835,13:12:33,11.05,-1.43,0.01,370,408850,买盘
1836,13:12:30,11.04,-1.52,0.0,500,552000,卖盘
1837,13:12:27,11.04,-1.52,-0.01,107,118128,卖盘
1838,13:12:24,11.05,-1.43,0.01,644,711620,买盘
1839,13:12:21,11.04,-1.52,0.0,1677,1851408,卖盘
1840,13:12:18,11.04,-1.52,0.0,22,24288,卖盘
1841,13:12:12,11.04,-1.52,-0.01,10,11040,卖盘
1842,13:12:09,11.05,-1.43,0.0,384,424320,买盘
1843,13:12:06,11.05,-1.43,0.01,32,35360,买盘
1844,13:12:03,11.04,-1.52,-0.02,1917,2116368,卖盘
1845,13:12:00,11.06,-1.34,0.01,43,47558,买盘
1846,13:11:57,11.05,-1.43,0.0,103,113815,卖盘
1847,13:11:54,11.05,-1.43,-0.01,41,45305,卖盘
1848,13:11:51,11.06,-1.34,0.01,11,12166,买盘
1849,13:11:48,11.05,-1.43,0.0,10,11050,卖盘
1850,13:11:45,11.05,-1.43,0.0,322,355810,卖盘
1851,13:11:42,11.05,-1.43,-0.01,10,11050,卖盘
1852,13:11:39,11.06,-1.34,0.01,63,69678,买盘
1853,13:11:33,11.05,-1.43,0.0,10,11050,卖盘
1854,13:11:30,11.05,-1.43,-0.01,2,2210,卖盘
1855,13:11:27,11.06,-1.34,0.01,1,1106,买盘
1856,13:11:21,11.05,-1.43,-0.01,60,66300,卖盘
1857,13:11:18,11.06,-1.34,0.0,345,381570,卖盘
1858,13:11:15,11.06,-1.34,0.0,131,144886,卖盘
1859,13:11:12,11.06,-1.34,-0.01,25,27650,卖盘
1860,13:11:09,11.07,-1.25,0.0,41,45387,买盘
1861,13:11:06,11.07,-1.25,0.0,1,1107,买盘
1862,13:11:03,11.07,-1.25,0.01,19,21033,买盘
1863,13:11:00,11.06,-1.34,-0.01,17,18802,卖盘
1864,13:10:57,11.07,-1.25,0.01,3,3321,买盘
1865,13:10:54,11.06,-1.34,-0.01,37,40922,卖盘
1866,13:10:51,11.07,-1.25,0.0,6,6642,卖盘
1867,13:10:48,11.07,-1.25,-0.01,30,33210,卖盘
1868,13:10:45,11.08,-1.16,-0.01,15,16620,中性盘
1869,13:10:42,11.09,-1.07,0.02,3,3327,买盘
1870,13:10:39,11.07,-1.25,-0.01,16,17712,卖盘
1871,13:10:36,11.08,-1.16,0.0,12,13296,买盘
1872,13:10:33,11.08,-1.16,0.01,10,11080,买盘
1873,13:10:27,11.07,-1.25,0.0,45,49815,卖盘
1874,13:10:24,11.07,-1.25,0.0,6,6642,卖盘
1875,13:10:21,11.07,-1.25,0.0,41,45387,买盘
1876,13:10:18,11.07,-1.25,0.0,18,19926,买盘
1877,13:10:15,11.07,-1.25,0.01,3,3321,买盘
1878,13:10:12,11.06,-1.34,-0.01,14,15484,卖盘
1879,13:10:09,11.07,-1.25,0.01,1,1107,买盘
1880,13:10:06,11.06,-1.34,0.0,2,2212,卖盘
1881,13:10:03,11.06,-1.34,-0.01,13,14378,卖盘
1882,13:10:00,11.07,-1.25,0.01,2,2214,买盘
1883,13:09:54,11.06,-1.34,-0.01,9,9954,卖盘
1884,13:09:48,11.07,-1.25,0.01,114,126198,买盘
1885,13:09:45,11.06,-1.34,0.0,101,111706,卖盘
1886,13:09:39,11.06,-1.34,0.0,9,9954,卖盘
1887,13:09:36,11.06,-1.34,0.0,101,111706,中性盘
1888,13:09:36,11.06,-1.34,0.0,101,111706,卖盘
1889,13:09:33,11.06,-1.34,0.01,39,43134,买盘
1890,13:09:30,11.05,-1.43,-0.01,28,30940,卖盘
1891,13:09:27,11.06,-1.34,0.01,12,13272,买盘
1892,13:09:24,11.05,-1.43,-0.01,30,33150,卖盘
1893,13:09:18,11.06,-1.34,0.0,10,11060,买盘
1894,13:09:15,11.06,-1.34,0.01,1,1106,买盘
1895,13:09:09,11.05,-1.43,0.0,47,51935,买盘
1896,13:09:06,11.05,-1.43,0.01,208,229840,买盘
1897,13:09:03,11.04,-1.52,0.0,111,122544,卖盘
1898,13:09:00,11.04,-1.52,0.0,3,3312,卖盘
1899,13:08:57,11.04,-1.52,-0.01,149,164496,卖盘
1900,13:08:54,11.05,-1.43,0.01,11,12155,买盘
1901,13:08:51,11.04,-1.52,0.0,116,128064,卖盘
1902,13:08:48,11.04,-1.52,0.01,174,192096,买盘
1903,13:08:42,11.03,-1.61,0.0,10,11030,卖盘
1904,13:08:36,11.03,-1.61,0.0,46,50738,买盘
1905,13:08:33,11.03,-1.61,0.0,87,95961,买盘
1906,13:08:30,11.03,-1.61,0.01,96,105888,买盘
1907,13:08:27,11.02,-1.69,0.0,73,80446,卖盘
1908,13:08:24,11.02,-1.69,0.0,90,99180,买盘
1909,13:08:21,11.02,-1.69,0.0,17,18734,买盘
1910,13:08:18,11.02,-1.69,0.01,11,12122,买盘
1911,13:08:15,11.01,-1.78,-0.01,22,24222,卖盘
1912,13:08:12,11.02,-1.69,-0.01,35,38570,中性盘
1913,13:08:09,11.03,-1.61,0.01,193,212879,买盘
1914,13:08:06,11.02,-1.69,-0.01,20,22040,卖盘
1915,13:08:03,11.03,-1.61,0.01,45,49635,买盘
1916,13:08:00,11.02,-1.69,0.0,25,27550,卖盘
1917,13:07:57,11.02,-1.69,0.0,19,20938,卖盘
1918,13:07:54,11.02,-1.69,0.0,127,140736,买盘
1919,13:07:48,11.02,-1.69,0.0,135,149090,卖盘
1920,13:07:45,11.02,-1.69,0.0,89,98078,卖盘
1921,13:07:42,11.02,-1.69,0.0,30,33060,卖盘
1922,13:07:39,11.02,-1.69,0.0,101,111302,卖盘
1923,13:07:36,11.02,-1.69,0.0,31,34162,卖盘
1924,13:07:33,11.02,-1.69,0.0,14,15428,卖盘
1925,13:07:30,11.02,-1.69,0.0,9,9918,卖盘
1926,13:07:27,11.02,-1.69,-0.01,250,275500,卖盘
1927,13:07:24,11.03,-1.61,0.01,1,1103,买盘
1928,13:07:21,11.02,-1.69,0.0,49,54780,买盘
1929,13:07:18,11.02,-1.69,0.0,10,11020,买盘
1930,13:07:15,11.02,-1.69,0.0,7,7714,买盘
1931,13:07:12,11.02,-1.69,0.0,1334,1470388,卖盘
1932,13:07:09,11.02,-1.69,-0.01,906,998412,卖盘
1933,13:07:06,11.03,-1.61,0.0,10,11030,卖盘
1934,13:07:03,11.03,-1.61,0.0,10,11030,卖盘
1935,13:07:00,11.03,-1.61,0.0,16,17648,卖盘
1936,13:06:57,11.03,-1.61,0.0,17,18751,卖盘
1937,13:06:54,11.03,-1.61,-0.01,11,12133,卖盘
1938,13:06:51,11.04,-1.52,0.0,1,1104,买盘
1939,13:06:45,11.04,-1.52,0.01,2,2208,买盘
1940,13:06:42,11.03,-1.61,-0.01,8,8824,卖盘
1941,13:06:39,11.04,-1.52,-0.01,1,1104,中性盘
1942,13:06:33,11.05,-1.43,0.0,15,16575,买盘
1943,13:06:30,11.05,-1.43,0.01,485,535925,买盘
1944,13:06:27,11.04,-1.52,0.0,45,49680,卖盘
1945,13:06:24,11.04,-1.52,0.0,14,15456,卖盘
1946,13:06:18,11.04,-1.52,0.0,28,30912,买盘
1947,13:06:15,11.04,-1.52,0.01,15,16560,买盘
1948,13:06:12,11.03,-1.61,0.0,32,35296,卖盘
1949,13:06:09,11.03,-1.61,0.0,26,28678,中性盘
1950,13:06:09,11.03,-1.61,0.0,26,28678,卖盘
1951,13:06:06,11.03,-1.61,-0.01,36,39708,卖盘
1952,13:06:03,11.04,-1.52,0.01,21,23184,买盘
1953,13:06:00,11.03,-1.61,0.0,11,12133,卖盘
1954,13:05:57,11.03,-1.61,0.0,15,16545,卖盘
1955,13:05:54,11.03,-1.61,0.0,5,5515,卖盘
1956,13:05:51,11.03,-1.61,-0.02,41,45223,中性盘
1957,13:05:45,11.05,-1.43,0.01,59,65195,买盘
1958,13:05:42,11.04,-1.52,0.01,162,178848,买盘
1959,13:05:36,11.03,-1.61,0.0,11,12133,卖盘
1960,13:05:33,11.03,-1.61,0.0,6,6618,卖盘
1961,13:05:30,11.03,-1.61,0.0,32,35296,卖盘
1962,13:05:27,11.03,-1.61,0.0,62,69169,买盘
1963,13:05:24,11.03,-1.61,0.0,29,31987,买盘
1964,13:05:21,11.03,-1.61,0.0,55,60665,买盘
1965,13:05:15,11.03,-1.61,0.0,105,115815,买盘
1966,13:05:12,11.03,-1.61,-0.02,800,882720,卖盘
1967,13:05:09,11.05,-1.43,0.01,45,49725,买盘
1968,13:05:06,11.04,-1.52,0.0,13,14352,卖盘
1969,13:05:03,11.04,-1.52,0.0,317,349968,卖盘
1970,13:05:00,11.04,-1.52,0.0,9,9936,卖盘
1971,13:04:57,11.04,-1.52,0.0,2,2208,卖盘
1972,13:04:54,11.04,-1.52,-0.01,100,110400,卖盘
1973,13:04:51,11.05,-1.43,0.0,31,34255,买盘
1974,13:04:48,11.05,-1.43,0.0,20,22100,买盘
1975,13:04:45,11.05,-1.43,0.0,40,44200,买盘
1976,13:04:39,11.05,-1.43,0.0,1,1105,买盘
1977,13:04:36,11.05,-1.43,0.0,5,5525,买盘
1978,13:04:33,11.05,-1.43,0.0,20,22100,买盘
1979,13:04:30,11.05,-1.43,0.0,5,5525,买盘
1980,13:04:27,11.05,-1.43,0.0,80,88400,卖盘
1981,13:04:24,11.05,-1.43,0.0,85,93925,卖盘
1982,13:04:21,11.05,-1.43,-0.01,148,163540,卖盘
1983,13:04:18,11.06,-1.34,0.0,813,899178,买盘
1984,13:04:12,11.06,-1.34,0.0,22,24332,卖盘
1985,13:04:09,11.06,-1.34,0.0,4,4424,买盘
1986,13:04:06,11.06,-1.34,0.01,2,2212,买盘
1987,13:04:03,11.05,-1.43,0.0,12,13260,卖盘
1988,13:04:00,11.05,-1.43,0.0,11,12155,卖盘
1989,13:03:57,11.05,-1.43,-0.01,9,9945,卖盘
1990,13:03:54,11.06,-1.34,0.01,20,22120,买盘
1991,13:03:51,11.05,-1.43,0.0,1,1105,卖盘
1992,13:03:48,11.05,-1.43,0.01,60,66300,卖盘
1993,13:03:45,11.04,-1.52,0.0,32,35328,卖盘
1994,13:03:39,11.04,-1.52,0.0,6,6624,卖盘
1995,13:03:36,11.04,-1.52,0.0,46,50784,卖盘
1996,13:03:33,11.04,-1.52,0.0,323,356592,卖盘
1997,13:03:30,11.04,-1.52,0.0,15,16560,卖盘
1998,13:03:27,11.04,-1.52,-0.03,18,19872,卖盘
1999,13:03:21,11.07,-1.25,0.03,11,12177,买盘
2000,13:03:15,11.04,-1.52,-0.03,15,16560,卖盘
2001,13:03:12,11.07,-1.25,0.03,2,2214,买盘
2002,13:03:09,11.04,-1.52,0.0,17,18768,卖盘
2003,13:03:00,11.04,-1.52,0.0,17,18768,卖盘
2004,13:02:57,11.04,-1.52,0.0,16,17664,卖盘
2005,13:02:54,11.04,-1.52,-0.03,6,6624,卖盘
2006,13:02:48,11.07,-1.25,0.03,31,34317,买盘
2007,13:02:39,11.04,-1.52,0.0,33,36432,中性盘
2008,13:02:39,11.04,-1.52,-0.03,33,36432,卖盘
2009,13:02:36,11.07,-1.25,0.03,2,2214,买盘
2010,13:02:33,11.04,-1.52,0.0,10,11040,卖盘
2011,13:02:30,11.04,-1.52,0.0,6,6624,卖盘
2012,13:02:27,11.04,-1.52,-0.03,9,9936,卖盘
2013,13:02:21,11.07,-1.25,0.04,4,4428,买盘
2014,13:02:18,11.03,-1.61,-0.04,543,598929,卖盘
2015,13:02:15,11.07,-1.25,0.01,2,2214,买盘
2016,13:02:12,11.06,-1.34,0.0,3,3318,卖盘
2017,13:02:09,11.06,-1.34,0.0,6,6636,卖盘
2018,13:02:06,11.06,-1.34,0.0,40,44240,买盘
2019,13:02:03,11.06,-1.34,0.0,13,14378,买盘
2020,13:02:00,11.06,-1.34,0.0,17,18802,卖盘
2021,13:01:57,11.06,-1.34,-0.01,50,55300,卖盘
2022,13:01:54,11.07,-1.25,0.01,1,1107,买盘
2023,13:01:51,11.06,-1.34,0.0,25,27650,卖盘
2024,13:01:48,11.06,-1.34,0.01,50,55300,买盘
2025,13:01:42,11.05,-1.43,0.0,7,7735,卖盘
2026,13:01:36,11.05,-1.43,-0.01,10,11050,卖盘
2027,13:01:33,11.06,-1.34,0.01,1,1106,买盘
2028,13:01:30,11.05,-1.43,-0.01,57,62985,卖盘
2029,13:01:27,11.06,-1.34,0.01,61,67466,买盘
2030,13:01:21,11.05,-1.43,-0.01,24,26520,卖盘
2031,13:01:18,11.06,-1.34,0.01,10,11060,买盘
2032,13:01:15,11.05,-1.43,-0.01,48,53040,卖盘
2033,13:01:09,11.06,-1.34,0.01,1,1106,买盘
2034,13:01:03,11.05,-1.43,0.0,15,16575,卖盘
2035,13:01:00,11.05,-1.43,0.0,7,7735,卖盘
2036,13:00:57,11.05,-1.43,-0.01,657,725985,卖盘
2037,13:00:54,11.06,-1.34,0.01,16,18481,买盘
2038,13:00:51,11.05,-1.43,0.0,63,69615,卖盘
2039,13:00:48,11.05,-1.43,-0.01,72,79560,卖盘
2040,13:00:45,11.06,-1.34,0.01,48,53088,买盘
2041,13:00:39,11.05,-1.43,0.0,12,13260,卖盘
2042,13:00:36,11.05,-1.43,0.0,301,332605,卖盘
2043,13:00:33,11.05,-1.43,0.0,12,13260,卖盘
2044,13:00:30,11.05,-1.43,0.0,1,1105,卖盘
2045,13:00:27,11.05,-1.43,0.0,20,22100,卖盘
2046,13:00:24,11.05,-1.43,0.0,27,29835,卖盘
2047,13:00:21,11.05,-1.43,-0.01,39,43095,卖盘
2048,13:00:18,11.06,-1.34,0.01,69,76314,买盘
2049,13:00:15,11.05,-1.43,-0.01,126,139230,卖盘
2050,13:00:12,11.06,-1.34,0.01,152,168112,买盘
2051,13:00:09,11.05,-1.43,-0.01,440,486200,卖盘
2052,13:00:06,11.06,-1.34,0.02,461,509866,买盘
2053,13:00:03,11.04,-1.52,-0.02,1226,1353504,卖盘
2054,13:00:00,11.06,-1.34,0.0,0,0,买盘
2055,11:30:00,11.06,-1.34,0.0,11,12166,买盘
2056,11:29:57,11.06,-1.34,0.0,202,223733,卖盘
2057,11:29:54,11.06,-1.34,0.0,10,11060,卖盘
2058,11:29:48,11.06,-1.34,-0.01,9,9954,卖盘
2059,11:29:42,11.07,-1.25,0.01,25,27675,买盘
2060,11:29:39,11.06,-1.34,-0.01,600,663600,卖盘
2061,11:29:36,11.07,-1.25,-0.01,11,12177,卖盘
2062,11:29:30,11.08,-1.16,0.01,49,54292,买盘
2063,11:29:27,11.07,-1.25,0.0,5,5535,卖盘
2064,11:29:24,11.07,-1.25,-0.01,665,736155,卖盘
2065,11:29:21,11.08,-1.16,0.01,73,80884,买盘
2066,11:29:18,11.07,-1.25,0.0,100,110700,卖盘
2067,11:29:15,11.07,-1.25,0.0,9,9963,中性盘
2068,11:29:15,11.07,-1.25,0.0,9,9963,卖盘
2069,11:29:12,11.07,-1.25,-0.01,10,11070,卖盘
2070,11:29:09,11.08,-1.16,0.0,101,111908,买盘
2071,11:29:06,11.08,-1.16,0.0,22,24376,买盘
2072,11:29:00,11.08,-1.16,0.0,69,76452,卖盘
2073,11:28:57,11.08,-1.16,0.0,22,24376,卖盘
2074,11:28:54,11.08,-1.16,0.0,9,9972,卖盘
2075,11:28:51,11.08,-1.16,0.0,6,6648,卖盘
2076,11:28:48,11.08,-1.16,-0.01,11,12188,卖盘
2077,11:28:45,11.09,-1.07,-0.01,13,14417,卖盘
2078,11:28:42,11.1,-0.98,0.0,21,23310,卖盘
2079,11:28:39,11.1,-0.98,-0.01,32,35520,卖盘
2080,11:28:36,11.11,-0.89,0.03,10,11110,买盘
2081,11:28:30,11.08,-1.16,0.0,9,9972,卖盘
2082,11:28:27,11.08,-1.16,-0.03,9,9972,卖盘
2083,11:28:24,11.11,-0.89,0.03,1,1111,买盘
2084,11:28:21,11.08,-1.16,-0.03,10,11080,卖盘
2085,11:28:18,11.11,-0.89,0.01,14,15554,买盘
2086,11:28:12,11.1,-0.98,0.02,2,2220,买盘
2087,11:28:09,11.08,-1.16,0.0,5,5540,买盘
2088,11:28:06,11.08,-1.16,0.01,23,25484,卖盘
2089,11:28:03,11.07,-1.25,0.0,6,6642,卖盘
2090,11:28:00,11.07,-1.25,-0.01,126,139482,卖盘
2091,11:27:57,11.08,-1.16,0.0,8,8864,卖盘
2092,11:27:54,11.08,-1.16,-0.03,12,13296,卖盘
2093,11:27:51,11.11,-0.89,0.01,2,2222,买盘
2094,11:27:48,11.1,-0.98,0.0,9,9990,卖盘
2095,11:27:45,11.1,-0.98,0.0,4,4440,卖盘
2096,11:27:42,11.1,-0.98,0.0,10,11100,买盘
2097,11:27:39,11.1,-0.98,0.03,4,4440,买盘
2098,11:27:36,11.07,-1.25,0.0,55,60885,卖盘
2099,11:27:33,11.07,-1.25,-0.03,9,9963,卖盘
2100,11:27:30,11.1,-0.98,0.03,1,1110,买盘
2101,11:27:21,11.07,-1.25,0.0,46,50922,卖盘
2102,11:27:18,11.07,-1.25,-0.01,19,21033,卖盘
2103,11:27:15,11.08,-1.16,0.0,30,33240,买盘
2104,11:27:09,11.08,-1.16,0.0,19,21052,买盘
2105,11:27:06,11.08,-1.16,0.01,1,1108,买盘
2106,11:27:03,11.07,-1.25,-0.01,182,201474,卖盘
2107,11:26:57,11.08,-1.16,0.01,21,23268,买盘
2108,11:26:54,11.07,-1.25,0.0,67,74169,卖盘
2109,11:26:51,11.07,-1.25,-0.01,9,9963,卖盘
2110,11:26:48,11.08,-1.16,0.01,114,126312,买盘
2111,11:26:45,11.07,-1.25,-0.01,47,52029,卖盘
2112,11:26:39,11.08,-1.16,0.0,7,7756,买盘
2113,11:26:33,11.08,-1.16,0.0,51,56508,买盘
2114,11:26:30,11.08,-1.16,0.01,14,15512,买盘
2115,11:26:27,11.07,-1.25,-0.01,8,8856,卖盘
2116,11:26:24,11.08,-1.16,0.01,9,9972,买盘
2117,11:26:21,11.07,-1.25,0.0,5,5535,卖盘
2118,11:26:18,11.07,-1.25,0.0,6,6642,卖盘
2119,11:26:15,11.07,-1.25,0.0,171,189297,买盘
2120,11:26:12,11.07,-1.25,0.0,184,203688,买盘
2121,11:26:06,11.07,-1.25,0.01,883,978267,买盘
2122,11:26:03,11.06,-1.34,0.0,43,47558,卖盘
2123,11:26:00,11.06,-1.34,-0.01,13,14378,卖盘
2124,11:25:57,11.07,-1.25,0.01,172,190404,买盘
2125,11:25:54,11.06,-1.34,-0.01,58,64148,卖盘
2126,11:25:51,11.07,-1.25,0.01,3,3321,买盘
2127,11:25:48,11.06,-1.34,0.0,14,15484,中性盘
2128,11:25:48,11.06,-1.34,0.0,14,15484,卖盘
2129,11:25:45,11.06,-1.34,-0.01,9,9954,卖盘
2130,11:25:42,11.07,-1.25,0.01,30,33210,买盘
2131,11:25:39,11.06,-1.34,0.0,58,64148,卖盘
2132,11:25:36,11.06,-1.34,-0.02,1368,1513008,卖盘
2133,11:25:33,11.08,-1.16,0.01,88,97504,买盘
2134,11:25:27,11.07,-1.25,0.0,22,24354,卖盘
2135,11:25:24,11.07,-1.25,0.0,18,19926,卖盘
2136,11:25:18,11.07,-1.25,0.0,24,26568,卖盘
2137,11:25:15,11.07,-1.25,0.0,7,7749,卖盘
2138,11:25:12,11.07,-1.25,0.0,10,11070,卖盘
2139,11:25:09,11.07,-1.25,0.0,28,30996,卖盘
2140,11:25:06,11.07,-1.25,-0.03,611,676377,卖盘
2141,11:25:00,11.1,-0.98,0.0,218,241980,卖盘
2142,11:24:57,11.1,-0.98,-0.01,267,296370,卖盘
2143,11:24:54,11.11,-0.89,0.0,33,36663,买盘
2144,11:24:48,11.11,-0.89,0.0,7,7777,买盘
2145,11:24:45,11.11,-0.89,0.0,509,565499,卖盘
2146,11:24:42,11.11,-0.89,-0.01,9,9999,卖盘
2147,11:24:39,11.12,-0.80,0.01,301,334712,买盘
2148,11:24:33,11.11,-0.89,-0.01,231,256641,卖盘
2149,11:24:27,11.12,-0.80,0.0,15,16680,买盘
2150,11:24:21,11.12,-0.80,0.0,122,135664,买盘
2151,11:24:18,11.12,-0.80,0.01,1087,1208744,买盘
2152,11:24:15,11.11,-0.89,-0.01,26,28886,卖盘
2153,11:24:12,11.12,-0.80,0.0,67,74504,买盘
2154,11:24:06,11.12,-0.80,-0.01,217,241304,卖盘
2155,11:24:00,11.13,-0.71,0.0,17,18921,买盘
2156,11:23:57,11.13,-0.71,0.01,2,2226,买盘
2157,11:23:54,11.12,-0.80,0.0,34,37808,卖盘
2158,11:23:51,11.12,-0.80,-0.01,25,27800,卖盘
2159,11:23:48,11.13,-0.71,0.0,90,100170,卖盘
2160,11:23:45,11.13,-0.71,-0.01,39,43407,卖盘
2161,11:23:42,11.14,-0.62,0.01,88,98032,买盘
2162,11:23:39,11.13,-0.71,0.0,10,11130,卖盘
2163,11:23:36,11.13,-0.71,0.0,63,70119,卖盘
2164,11:23:33,11.13,-0.71,0.0,60,66780,卖盘
2165,11:23:30,11.13,-0.71,-0.01,129,143577,卖盘
2166,11:23:27,11.14,-0.62,0.01,64,71296,买盘
2167,11:23:24,11.13,-0.71,-0.01,58,64554,卖盘
2168,11:23:21,11.14,-0.62,0.01,139,154846,买盘
2169,11:23:18,11.13,-0.71,-0.01,40,44520,卖盘
2170,11:23:15,11.14,-0.62,0.01,1,1114,买盘
2171,11:23:12,11.13,-0.71,0.0,2,2226,卖盘
2172,11:23:09,11.13,-0.71,-0.01,55,61215,卖盘
2173,11:23:06,11.14,-0.62,0.01,61,67954,买盘
2174,11:23:03,11.13,-0.71,0.01,18,20034,买盘
2175,11:23:00,11.12,-0.80,-0.01,152,169024,卖盘
2176,11:22:54,11.13,-0.71,0.0,102,113526,买盘
2177,11:22:51,11.13,-0.71,0.0,24,26712,买盘
2178,11:22:48,11.13,-0.71,0.01,25,27825,买盘
2179,11:22:45,11.12,-0.80,-0.01,60,66720,卖盘
2180,11:22:42,11.13,-0.71,0.01,19,21147,买盘
2181,11:22:39,11.12,-0.80,-0.01,23,25576,卖盘
2182,11:22:33,11.13,-0.71,0.0,13,14469,买盘
2183,11:22:24,11.13,-0.71,0.01,5,5565,买盘
2184,11:22:21,11.12,-0.80,0.0,34,37808,中性盘
2185,11:22:21,11.12,-0.80,0.0,34,37808,卖盘
2186,11:22:15,11.12,-0.80,0.0,53,58936,卖盘
2187,11:22:12,11.12,-0.80,0.0,12,13344,卖盘
2188,11:22:09,11.12,-0.80,-0.01,10,11120,卖盘
2189,11:22:03,11.13,-0.71,0.0,34,37842,买盘
2190,11:21:57,11.13,-0.71,0.01,38,42294,买盘
2191,11:21:54,11.12,-0.80,-0.01,65,72280,卖盘
2192,11:21:51,11.13,-0.71,0.0,43,47859,买盘
2193,11:21:48,11.13,-0.71,0.01,1,1113,买盘
2194,11:21:45,11.12,-0.80,0.0,50,55600,卖盘
2195,11:21:42,11.12,-0.80,0.0,18,20016,卖盘
2196,11:21:36,11.12,-0.80,0.0,8,8896,卖盘
2197,11:21:33,11.12,-0.80,0.0,6,6672,卖盘
2198,11:21:30,11.12,-0.80,0.0,23,25576,卖盘
2199,11:21:27,11.12,-0.80,-0.01,84,93408,卖盘
2200,11:21:24,11.13,-0.71,0.01,7,7791,买盘
2201,11:21:21,11.12,-0.80,0.0,9,10008,卖盘
2202,11:21:18,11.12,-0.80,0.0,22,24464,卖盘
2203,11:21:15,11.12,-0.80,0.0,8,8896,卖盘
2204,11:21:09,11.12,-0.80,0.0,52,57824,卖盘
2205,11:21:06,11.12,-0.80,0.0,29,32248,卖盘
2206,11:21:03,11.12,-0.80,0.0,38,42256,卖盘
2207,11:21:00,11.12,-0.80,0.0,20,22240,卖盘
2208,11:20:54,11.12,-0.80,-0.01,6,6672,卖盘
2209,11:20:51,11.13,-0.71,0.01,19,21147,买盘
2210,11:20:48,11.12,-0.80,0.0,9,10008,卖盘
2211,11:20:45,11.12,-0.80,0.0,43,47816,卖盘
2212,11:20:42,11.12,-0.80,0.0,8,8896,卖盘
2213,11:20:39,11.12,-0.80,-0.01,6,6672,卖盘
2214,11:20:36,11.13,-0.71,0.0,3,3339,买盘
2215,11:20:33,11.13,-0.71,0.0,10,11130,买盘
2216,11:20:30,11.13,-0.71,0.01,152,169176,买盘
2217,11:20:27,11.12,-0.80,-0.01,9,10008,卖盘
2218,11:20:24,11.13,-0.71,0.0,14,15582,买盘
2219,11:20:21,11.13,-0.71,0.0,100,111300,买盘
2220,11:20:18,11.13,-0.71,0.01,63,70119,买盘
2221,11:20:15,11.12,-0.80,-0.01,7,7784,卖盘
2222,11:20:12,11.13,-0.71,0.0,18,20034,买盘
2223,11:20:09,11.13,-0.71,0.0,1,1113,买盘
2224,11:20:06,11.13,-0.71,0.0,21,23373,卖盘
2225,11:20:03,11.13,-0.71,0.0,6,6678,卖盘
2226,11:20:00,11.13,-0.71,-0.01,6,6678,卖盘
2227,11:19:57,11.14,-0.62,0.01,1,1114,买盘
2228,11:19:54,11.13,-0.71,0.0,6,6678,卖盘
2229,11:19:48,11.13,-0.71,-0.01,37,41181,卖盘
2230,11:19:45,11.14,-0.62,0.01,1,1114,买盘
2231,11:19:42,11.13,-0.71,0.0,51,56763,卖盘
2232,11:19:39,11.13,-0.71,-0.01,10,11130,卖盘
2233,11:19:36,11.14,-0.62,0.0,13,14482,买盘
2234,11:19:27,11.14,-0.62,-0.01,35,38990,卖盘
2235,11:19:24,11.15,-0.54,0.0,57,63555,买盘
2236,11:19:21,11.15,-0.54,0.01,34,37910,买盘
2237,11:19:18,11.14,-0.62,0.01,36,40104,买盘
2238,11:19:15,11.13,-0.71,0.0,33,36729,卖盘
2239,11:19:12,11.13,-0.71,-0.01,9,10017,卖盘
2240,11:19:09,11.14,-0.62,0.01,10,11140,买盘
2241,11:19:06,11.13,-0.71,-0.01,9,10017,卖盘
2242,11:19:03,11.14,-0.62,0.01,20,22280,买盘
2243,11:18:57,11.13,-0.71,0.0,4,4452,卖盘
2244,11:18:54,11.13,-0.71,0.0,1,1113,中性盘
2245,11:18:54,11.13,-0.71,-0.01,1,1113,卖盘
2246,11:18:51,11.14,-0.62,0.0,20,22280,卖盘
2247,11:18:48,11.14,-0.62,0.0,10,11140,卖盘
2248,11:18:45,11.14,-0.62,-0.01,10,11140,卖盘
2249,11:18:39,11.15,-0.54,0.01,2,2230,买盘
2250,11:18:33,11.14,-0.62,0.0,199,221686,卖盘
2251,11:18:30,11.14,-0.62,0.0,37,41218,卖盘
2252,11:18:27,11.14,-0.62,0.01,60,66840,买盘
2253,11:18:21,11.13,-0.71,-0.01,6,6678,卖盘
2254,11:18:18,11.14,-0.62,0.01,2,2228,买盘
2255,11:18:15,11.13,-0.71,0.02,43,47859,买盘
2256,11:18:12,11.11,-0.89,0.0,6,6666,卖盘
2257,11:18:09,11.11,-0.89,-0.01,10,11110,卖盘
2258,11:18:06,11.12,-0.80,0.01,10,11120,中性盘
2259,11:18:00,11.11,-0.89,-0.02,20,22220,卖盘
2260,11:17:57,11.13,-0.71,0.02,1,1113,买盘
2261,11:17:54,11.11,-0.89,0.0,44,48884,卖盘
2262,11:17:51,11.11,-0.89,-0.02,6,6666,卖盘
2263,11:17:48,11.13,-0.71,0.02,59,65667,买盘
2264,11:17:45,11.11,-0.89,0.0,44,48884,卖盘
2265,11:17:42,11.11,-0.89,0.0,17,18887,卖盘
2266,11:17:39,11.11,-0.89,-0.01,15,16665,卖盘
2267,11:17:33,11.12,-0.80,0.01,7,7784,中性盘
2268,11:17:30,11.11,-0.89,-0.01,40,44440,卖盘
2269,11:17:27,11.12,-0.80,-0.01,15,16680,卖盘
2270,11:17:24,11.13,-0.71,0.01,12,13356,买盘
2271,11:17:21,11.12,-0.80,0.0,81,90072,卖盘
2272,11:17:18,11.12,-0.80,-0.01,18,20016,卖盘
2273,11:17:15,11.13,-0.71,0.01,4,4452,买盘
2274,11:17:12,11.12,-0.80,0.0,10,11120,卖盘
2275,11:17:09,11.12,-0.80,0.0,24,26688,卖盘
2276,11:17:06,11.12,-0.80,-0.01,3,3336,卖盘
2277,11:17:03,11.13,-0.71,0.0,25,27825,买盘
2278,11:17:00,11.13,-0.71,0.0,8,8904,买盘
2279,11:16:57,11.13,-0.71,0.01,10,11130,买盘
2280,11:16:54,11.12,-0.80,-0.01,19,21128,卖盘
2281,11:16:51,11.13,-0.71,0.0,1,1113,买盘
2282,11:16:48,11.13,-0.71,0.0,59,65667,卖盘
2283,11:16:45,11.13,-0.71,0.0,3,3339,卖盘
2284,11:16:42,11.13,-0.71,0.0,142,158046,买盘
2285,11:16:39,11.13,-0.71,0.01,51,56763,买盘
2286,11:16:36,11.12,-0.80,0.0,20,22240,卖盘
2287,11:16:33,11.12,-0.80,-0.01,43,47816,卖盘
2288,11:16:27,11.13,-0.71,0.01,1,1113,买盘
2289,11:16:21,11.12,-0.80,0.0,19,21128,买盘
2290,11:16:18,11.12,-0.80,0.0,1,1112,买盘
2291,11:16:15,11.12,-0.80,0.0,15,16680,买盘
2292,11:16:09,11.12,-0.80,-0.01,4,4448,卖盘
2293,11:16:06,11.13,-0.71,0.01,1,1113,买盘
2294,11:16:03,11.12,-0.80,0.0,1,1112,卖盘
2295,11:15:57,11.12,-0.80,-0.01,51,56712,卖盘
2296,11:15:54,11.13,-0.71,0.01,10,11130,买盘
2297,11:15:45,11.12,-0.80,-0.01,20,22240,卖盘
2298,11:15:42,11.13,-0.71,0.01,2,2226,买盘
2299,11:15:36,11.12,-0.80,-0.02,100,111200,卖盘
2300,11:15:33,11.14,-0.62,-0.01,1,1114,中性盘
2301,11:15:21,11.15,-0.54,-0.01,1,1115,中性盘
2302,11:15:21,11.15,-0.54,0.0,1,1115,买盘
2303,11:15:18,11.15,-0.54,0.02,17,18955,买盘
2304,11:15:15,11.13,-0.71,0.0,6,6678,买盘
2305,11:15:09,11.13,-0.71,0.0,14,15582,买盘
2306,11:15:06,11.13,-0.71,0.0,2,2226,买盘
2307,11:15:03,11.13,-0.71,-0.02,103,114639,卖盘
2308,11:15:00,11.15,-0.54,0.02,2,2230,买盘
2309,11:14:48,11.13,-0.71,0.0,7,7791,卖盘
2310,11:14:39,11.13,-0.71,-0.04,38,42294,卖盘
2311,11:14:36,11.17,-0.36,0.0,17,18989,买盘
2312,11:14:27,11.17,-0.36,0.06,53,59201,买盘
2313,11:14:21,11.11,-0.89,0.0,19,21109,卖盘
2314,11:14:18,11.11,-0.89,0.0,571,634381,卖盘
2315,11:14:15,11.11,-0.89,-0.02,9,9999,卖盘
2316,11:14:12,11.13,-0.71,0.01,208,231504,买盘
2317,11:14:09,11.12,-0.80,0.0,3,3336,买盘
2318,11:14:06,11.12,-0.80,-0.01,36,40032,卖盘
2319,11:14:03,11.13,-0.71,0.01,8,8904,买盘
2320,11:13:57,11.12,-0.80,0.0,6,6672,卖盘
2321,11:13:54,11.12,-0.80,0.0,4,4448,卖盘
2322,11:13:51,11.12,-0.80,0.0,21,23352,卖盘
2323,11:13:48,11.12,-0.80,0.0,16,17792,卖盘
2324,11:13:45,11.12,-0.80,0.0,72,80064,买盘
2325,11:13:42,11.12,-0.80,0.0,7,7784,卖盘
2326,11:13:36,11.12,-0.80,0.0,7,7784,卖盘
2327,11:13:33,11.12,-0.80,-0.01,53,58936,卖盘
2328,11:13:30,11.13,-0.71,0.01,1,1113,买盘
2329,11:13:27,11.12,-0.80,0.0,30,33360,卖盘
2330,11:13:21,11.12,-0.80,0.0,76,84512,买盘
2331,11:13:15,11.12,-0.80,0.0,125,139000,买盘
2332,11:13:12,11.12,-0.80,0.0,10,11120,买盘
2333,11:13:09,11.12,-0.80,0.0,2,2224,买盘
2334,11:13:06,11.12,-0.80,0.0,21,23352,买盘
2335,11:13:00,11.12,-0.80,0.0,1,1112,买盘
2336,11:12:57,11.12,-0.80,0.01,30,33360,买盘
2337,11:12:54,11.11,-0.89,-0.01,17,18887,卖盘
2338,11:12:51,11.12,-0.80,0.01,15,16680,买盘
2339,11:12:48,11.11,-0.89,0.0,119,132209,卖盘
2340,11:12:42,11.11,-0.89,0.0,103,114433,买盘
2341,11:12:36,11.11,-0.89,0.0,11,12221,买盘
2342,11:12:30,11.11,-0.89,0.01,13,14443,买盘
2343,11:12:24,11.1,-0.98,0.01,77,85470,买盘
2344,11:12:21,11.09,-1.07,-0.01,116,128644,卖盘
2345,11:12:18,11.1,-0.98,0.0,32,35520,买盘
2346,11:12:15,11.1,-0.98,0.0,23,25530,买盘
2347,11:12:12,11.1,-0.98,0.0,7,7770,买盘
2348,11:12:06,11.1,-0.98,0.0,8,8880,买盘
2349,11:12:03,11.1,-0.98,0.01,2,2220,买盘
2350,11:12:00,11.09,-1.07,0.0,14,15526,中性盘
2351,11:12:00,11.09,-1.07,0.0,14,15526,卖盘
2352,11:11:57,11.09,-1.07,-0.01,1,1109,卖盘
2353,11:11:54,11.1,-0.98,0.01,1,1110,买盘
2354,11:11:51,11.09,-1.07,-0.01,32,35488,卖盘
2355,11:11:48,11.1,-0.98,0.0,66,73260,买盘
2356,11:11:45,11.1,-0.98,0.0,10,11100,买盘
2357,11:11:39,11.1,-0.98,0.01,7,7770,买盘
2358,11:11:30,11.09,-1.07,0.0,9,9981,卖盘
2359,11:11:24,11.09,-1.07,0.0,50,55450,卖盘
2360,11:11:21,11.09,-1.07,-0.01,7,7763,卖盘
2361,11:11:18,11.1,-0.98,0.01,3,3330,买盘
2362,11:11:15,11.09,-1.07,0.0,63,69867,卖盘
2363,11:11:09,11.09,-1.07,0.0,16,17744,卖盘
2364,11:11:06,11.09,-1.07,-0.01,26,28834,卖盘
2365,11:11:03,11.1,-0.98,0.0,94,104340,卖盘
2366,11:10:57,11.1,-0.98,0.0,65,72150,卖盘
2367,11:10:54,11.1,-0.98,0.0,13,14430,卖盘
2368,11:10:51,11.1,-0.98,0.0,13,14430,卖盘
2369,11:10:48,11.1,-0.98,-0.01,6,6660,卖盘
2370,11:10:45,11.11,-0.89,0.0,4,4444,买盘
2371,11:10:42,11.11,-0.89,0.0,8,8888,卖盘
