,time,price,pchange,change,volume,amount,type
0,11:30:00,11.09,-5.21,0.0,43,47687,卖盘
1,11:29:57,11.09,-5.21,-0.01,60,66540,卖盘
2,11:29:51,11.1,-5.13,0.01,6,6660,中性盘
3,11:29:45,11.09,-5.21,0.0,420,465780,买盘
4,11:29:42,11.09,-5.21,0.0,27,29943,买盘
5,11:29:39,11.09,-5.21,0.0,5,5545,买盘
6,11:29:36,11.09,-5.21,-0.01,596,660964,卖盘
7,11:29:33,11.1,-5.13,0.0,16,17760,买盘
8,11:29:30,11.1,-5.13,0.0,17,18870,买盘
9,11:29:27,11.1,-5.13,-0.02,3,3330,卖盘
10,11:29:24,11.12,-4.96,0.0,357,396984,买盘
11,11:29:21,11.12,-4.96,0.02,23,25576,买盘
12,11:29:18,11.1,-5.13,0.01,4,4440,卖盘
13,11:29:15,11.09,-5.21,-0.03,52,57668,卖盘
14,11:29:09,11.12,-4.96,0.02,74,82288,买盘
15,11:29:06,11.1,-5.13,0.01,249,276390,买盘
16,11:29:03,11.09,-5.21,0.0,10,11090,卖盘
17,11:29:00,11.09,-5.21,0.0,10,11090,卖盘
18,11:28:57,11.09,-5.21,0.0,237,262833,卖盘
19,11:28:54,11.09,-5.21,0.0,43,47687,卖盘
20,11:28:51,11.09,-5.21,-0.01,60,66540,卖盘
21,11:28:48,11.1,-5.13,0.0,70,77700,买盘
22,11:28:45,11.1,-5.13,0.02,1,1110,买盘
23,11:28:42,11.08,-5.30,-0.03,8,8864,卖盘
24,11:28:39,11.11,-5.04,0.0,18,19998,买盘
25,11:28:36,11.11,-5.04,0.01,203,225533,买盘
26,11:28:33,11.1,-5.13,0.0,72,79920,卖盘
27,11:28:30,11.1,-5.13,0.02,47,52170,买盘
28,11:28:27,11.08,-5.30,-0.02,30,33240,卖盘
29,11:28:24,11.1,-5.13,0.01,40,44400,买盘
30,11:28:21,11.09,-5.21,0.0,13,14417,卖盘
31,11:28:18,11.09,-5.21,-0.02,7,7763,卖盘
32,11:28:15,11.11,-5.04,0.02,173,192203,买盘
33,11:28:12,11.09,-5.21,0.0,108,119772,卖盘
34,11:28:09,11.09,-5.21,0.0,2753,3053077,买盘
35,11:28:06,11.09,-5.21,-0.01,2,2218,中性盘
36,11:28:03,11.1,-5.13,-0.01,33,36630,卖盘
37,11:28:00,11.11,-5.04,0.01,389,432179,中性盘
38,11:27:57,11.1,-5.13,-0.01,257,285270,卖盘
39,11:27:54,11.11,-5.04,0.0,109,121099,买盘
40,11:27:51,11.11,-5.04,0.0,64,71104,卖盘
41,11:27:48,11.11,-5.04,0.0,12,13332,卖盘
42,11:27:45,11.11,-5.04,0.01,69,76659,买盘
43,11:27:42,11.1,-5.13,-0.01,21,23310,卖盘
44,11:27:39,11.11,-5.04,0.0,65,72215,卖盘
45,11:27:36,11.11,-5.04,0.0,2,2222,卖盘
46,11:27:33,11.11,-5.04,-0.01,4,4444,卖盘
47,11:27:30,11.12,-4.96,0.01,20,22240,买盘
48,11:27:27,11.11,-5.04,0.0,68,75548,卖盘
49,11:27:24,11.11,-5.04,0.0,205,227755,卖盘
50,11:27:21,11.11,-5.04,-0.01,15,16665,卖盘
51,11:27:18,11.12,-4.96,0.0,34,37808,买盘
52,11:27:15,11.12,-4.96,-0.04,1193,1326616,卖盘
53,11:27:12,11.16,-4.62,0.0,158,176328,买盘
54,11:27:09,11.16,-4.62,0.01,16,17856,买盘
55,11:27:03,11.15,-4.70,0.0,46,51290,卖盘
56,11:27:00,11.15,-4.70,0.0,31,34565,卖盘
57,11:26:57,11.15,-4.70,0.0,58,64670,卖盘
58,11:26:54,11.15,-4.70,0.0,14,15610,卖盘
59,11:26:51,11.15,-4.70,0.0,31,34565,卖盘
60,11:26:45,11.15,-4.70,0.0,22,24530,中性盘
61,11:26:45,11.15,-4.70,0.0,22,24530,卖盘
62,11:26:42,11.15,-4.70,0.0,73,81395,卖盘
63,11:26:39,11.15,-4.70,-0.01,8,8920,卖盘
64,11:26:36,11.16,-4.62,0.0,69,77004,卖盘
65,11:26:33,11.16,-4.62,0.0,50,55800,卖盘
66,11:26:30,11.16,-4.62,-0.01,14,15624,卖盘
67,11:26:27,11.17,-4.53,0.01,101,112817,买盘
68,11:26:24,11.16,-4.62,0.0,25,27900,卖盘
69,11:26:21,11.16,-4.62,0.0,24,26784,卖盘
70,11:26:18,11.16,-4.62,0.0,4,4464,卖盘
71,11:26:15,11.16,-4.62,0.0,14,15624,买盘
72,11:26:12,11.16,-4.62,0.01,35,39060,买盘
73,11:26:09,11.15,-4.70,-0.02,5,5575,卖盘
74,11:26:06,11.17,-4.53,0.02,171,191007,买盘
75,11:26:03,11.15,-4.70,-0.01,2,2230,卖盘
76,11:26:00,11.16,-4.62,0.0,18,20088,买盘
77,11:25:57,11.16,-4.62,0.01,48,53568,买盘
78,11:25:54,11.15,-4.70,0.0,4,4460,卖盘
79,11:25:51,11.15,-4.70,-0.01,22,24530,卖盘
80,11:25:48,11.16,-4.62,0.0,84,93744,卖盘
81,11:25:45,11.16,-4.62,-0.01,95,106020,卖盘
82,11:25:39,11.17,-4.53,-0.01,83,92711,卖盘
83,11:25:36,11.18,-4.44,0.0,5,5590,买盘
84,11:25:33,11.18,-4.44,0.01,70,78260,买盘
85,11:25:30,11.17,-4.53,-0.01,10,11170,卖盘
86,11:25:27,11.18,-4.44,0.0,52,58136,买盘
87,11:25:21,11.18,-4.44,0.0,3,3354,买盘
88,11:25:18,11.18,-4.44,0.03,16,17888,买盘
89,11:25:15,11.15,-4.70,-0.02,34,37910,卖盘
90,11:25:12,11.17,-4.53,0.02,403,450151,买盘
91,11:25:06,11.15,-4.70,0.01,11,12265,中性盘
92,11:25:00,11.14,-4.79,0.0,153,170442,卖盘
93,11:24:57,11.14,-4.79,-0.02,4,4456,卖盘
94,11:24:54,11.16,-4.62,0.02,20,22320,买盘
95,11:24:51,11.14,-4.79,-0.02,10,11140,卖盘
96,11:24:48,11.16,-4.62,0.01,11,12276,买盘
97,11:24:45,11.15,-4.70,0.0,15,16725,买盘
98,11:24:42,11.15,-4.70,0.0,327,364605,买盘
99,11:24:39,11.15,-4.70,0.01,1,1115,买盘
100,11:24:36,11.14,-4.79,0.0,31,34534,买盘
101,11:24:33,11.14,-4.79,0.0,30,33420,买盘
102,11:24:30,11.14,-4.79,0.0,12,13368,买盘
103,11:24:27,11.14,-4.79,-0.01,46,51244,卖盘
104,11:24:24,11.15,-4.70,0.0,13,14495,买盘
105,11:24:21,11.15,-4.70,0.0,15,16725,买盘
106,11:24:18,11.15,-4.70,0.0,12,13380,买盘
107,11:24:12,11.15,-4.70,0.02,99,110385,买盘
108,11:24:06,11.13,-4.87,-0.02,19,21147,卖盘
109,11:24:03,11.15,-4.70,0.0,20,22300,买盘
110,11:24:00,11.15,-4.70,0.01,121,134915,买盘
111,11:23:57,11.14,-4.79,-0.01,4,4456,卖盘
112,11:23:54,11.15,-4.70,0.01,140,156100,买盘
113,11:23:51,11.14,-4.79,0.0,10,11140,卖盘
114,11:23:48,11.14,-4.79,0.01,3,3342,买盘
115,11:23:45,11.13,-4.87,-0.02,8,8904,卖盘
116,11:23:39,11.15,-4.70,0.0,14,15610,买盘
117,11:23:36,11.15,-4.70,0.01,51,56865,买盘
118,11:23:33,11.14,-4.79,0.0,132,147048,中性盘
119,11:23:33,11.14,-4.79,0.0,132,147048,卖盘
120,11:23:30,11.14,-4.79,-0.01,5,5570,卖盘
121,11:23:27,11.15,-4.70,0.0,16,17840,买盘
122,11:23:24,11.15,-4.70,-0.01,1,1115,中性盘
123,11:23:21,11.16,-4.62,0.01,78,87048,买盘
124,11:23:18,11.15,-4.70,-0.01,8,8920,卖盘
125,11:23:15,11.16,-4.62,0.0,67,74772,买盘
126,11:23:12,11.16,-4.62,0.01,10,11160,买盘
127,11:23:09,11.15,-4.70,0.0,28,31220,卖盘
128,11:23:06,11.15,-4.70,0.0,8,8920,卖盘
129,11:23:03,11.15,-4.70,0.0,2,2230,买盘
130,11:23:00,11.15,-4.70,0.01,25,27875,买盘
131,11:22:57,11.14,-4.79,0.0,6,6684,卖盘
132,11:22:54,11.14,-4.79,-0.01,28,31192,卖盘
133,11:22:51,11.15,-4.70,0.0,4,4460,买盘
134,11:22:48,11.15,-4.70,-0.02,2,2230,买盘
135,11:22:45,11.17,-4.53,0.01,169,188773,买盘
136,11:22:42,11.16,-4.62,0.01,19,21204,买盘
137,11:22:36,11.15,-4.70,0.01,14,15610,中性盘
138,11:22:33,11.14,-4.79,-0.02,80,89120,卖盘
139,11:22:30,11.16,-4.62,0.01,8,8928,买盘
140,11:22:27,11.15,-4.70,-0.01,39,43485,卖盘
141,11:22:24,11.16,-4.62,0.0,4,4464,卖盘
142,11:22:21,11.16,-4.62,0.0,27,30132,卖盘
143,11:22:18,11.16,-4.62,0.01,2,2232,中性盘
144,11:22:15,11.15,-4.70,-0.01,39,43485,卖盘
145,11:22:12,11.16,-4.62,-0.01,100,111600,卖盘
146,11:22:09,11.17,-4.53,0.01,152,169784,买盘
147,11:22:06,11.16,-4.62,0.01,26,29016,中性盘
148,11:22:03,11.15,-4.70,-0.03,28,31220,卖盘
149,11:22:00,11.18,-4.44,0.02,18,20124,买盘
150,11:21:57,11.16,-4.62,-0.02,26,29016,卖盘
151,11:21:54,11.18,-4.44,0.02,60,67080,买盘
152,11:21:51,11.16,-4.62,-0.02,15,16740,卖盘
153,11:21:48,11.18,-4.44,0.0,79,88322,买盘
154,11:21:45,11.18,-4.44,0.01,5,5590,买盘
155,11:21:42,11.17,-4.53,0.01,178,198826,买盘
156,11:21:39,11.16,-4.62,0.0,49,54684,买盘
157,11:21:36,11.16,-4.62,0.01,55,61380,买盘
158,11:21:33,11.15,-4.70,0.0,12,13380,买盘
159,11:21:30,11.15,-4.70,0.0,7,7805,买盘
160,11:21:27,11.15,-4.70,0.01,68,75820,买盘
161,11:21:24,11.14,-4.79,-0.01,13,14482,卖盘
162,11:21:21,11.15,-4.70,-0.01,127,141605,卖盘
163,11:21:18,11.16,-4.62,0.0,61,68076,买盘
164,11:21:15,11.16,-4.62,0.0,24,26784,买盘
165,11:21:12,11.16,-4.62,0.01,23,25668,买盘
166,11:21:09,11.15,-4.70,0.0,177,197355,卖盘
167,11:21:06,11.15,-4.70,-0.02,36,40140,卖盘
168,11:21:03,11.17,-4.53,0.01,171,191007,买盘
169,11:21:00,11.16,-4.62,0.01,55,61380,买盘
170,11:20:57,11.15,-4.70,0.0,33,36795,卖盘
171,11:20:54,11.15,-4.70,-0.01,65,72475,卖盘
172,11:20:51,11.16,-4.62,0.0,38,42408,买盘
173,11:20:48,11.16,-4.62,0.0,36,40176,买盘
174,11:20:45,11.16,-4.62,0.0,68,75888,买盘
175,11:20:42,11.16,-4.62,0.01,68,75888,买盘
176,11:20:39,11.15,-4.70,0.01,78,86970,中性盘
177,11:20:36,11.14,-4.79,0.0,3,3342,卖盘
178,11:20:33,11.14,-4.79,0.0,156,173784,卖盘
179,11:20:30,11.14,-4.79,0.0,25,27850,买盘
180,11:20:27,11.14,-4.79,0.0,11,12254,卖盘
181,11:20:24,11.14,-4.79,0.0,14,15596,卖盘
182,11:20:21,11.14,-4.79,0.0,4,4456,中性盘
183,11:20:21,11.14,-4.79,-0.01,4,4456,卖盘
184,11:20:18,11.15,-4.70,0.0,16,17840,买盘
185,11:20:15,11.15,-4.70,0.0,3,3345,买盘
186,11:20:12,11.15,-4.70,-0.01,31,34565,中性盘
187,11:20:06,11.16,-4.62,0.02,12,13392,买盘
188,11:20:03,11.14,-4.79,-0.01,18,20052,卖盘
189,11:19:57,11.15,-4.70,0.02,67,74705,买盘
190,11:19:54,11.13,-4.87,-0.01,19,21147,卖盘
191,11:19:48,11.14,-4.79,0.01,3,3342,买盘
192,11:19:45,11.13,-4.87,-0.01,33,36729,卖盘
193,11:19:42,11.14,-4.79,-0.02,10,11140,卖盘
194,11:19:39,11.16,-4.62,0.02,27,30132,买盘
195,11:19:36,11.14,-4.79,0.0,100,111400,卖盘
196,11:19:33,11.14,-4.79,0.01,8,8912,卖盘
197,11:19:30,11.13,-4.87,0.0,3,3339,买盘
198,11:19:24,11.13,-4.87,0.0,24,26712,卖盘
199,11:19:21,11.13,-4.87,0.0,2,2226,卖盘
200,11:19:18,11.13,-4.87,0.0,89,99057,卖盘
201,11:19:15,11.13,-4.87,0.0,4,4452,卖盘
202,11:19:12,11.13,-4.87,0.01,10,11130,买盘
203,11:19:09,11.12,-4.96,-0.02,60,66720,卖盘
204,11:19:06,11.14,-4.79,0.0,30,33420,买盘
205,11:19:03,11.14,-4.79,0.0,50,55700,买盘
206,11:19:00,11.14,-4.79,0.01,33,36762,买盘
207,11:18:57,11.13,-4.87,-0.01,2,2226,卖盘
208,11:18:54,11.14,-4.79,0.0,19,21166,买盘
209,11:18:51,11.14,-4.79,0.02,20,22280,买盘
210,11:18:48,11.12,-4.96,0.0,4,4448,卖盘
211,11:18:45,11.12,-4.96,0.0,7,7784,卖盘
212,11:18:42,11.12,-4.96,-0.02,147,163464,卖盘
213,11:18:39,11.14,-4.79,0.01,143,159302,买盘
214,11:18:36,11.13,-4.87,0.0,54,60102,卖盘
215,11:18:33,11.13,-4.87,-0.01,4,4452,卖盘
216,11:18:30,11.14,-4.79,0.01,17,18938,买盘
217,11:18:27,11.13,-4.87,-0.01,7,7791,卖盘
218,11:18:24,11.14,-4.79,0.01,130,144820,买盘
219,11:18:21,11.13,-4.87,0.01,67,74571,买盘
220,11:18:18,11.12,-4.96,-0.01,79,87848,卖盘
221,11:18:15,11.13,-4.87,-0.01,5,5565,中性盘
222,11:18:12,11.14,-4.79,0.02,13,14482,买盘
223,11:18:09,11.12,-4.96,-0.01,9,10008,卖盘
224,11:18:06,11.13,-4.87,-0.01,11,12243,买盘
225,11:18:03,11.14,-4.79,0.02,400,445600,买盘
226,11:18:00,11.12,-4.96,0.0,136,151232,卖盘
227,11:17:57,11.12,-4.96,-0.01,58,64496,卖盘
228,11:17:54,11.13,-4.87,0.01,86,95718,买盘
229,11:17:51,11.12,-4.96,-0.01,1,1112,卖盘
230,11:17:45,11.13,-4.87,0.0,82,91266,卖盘
231,11:17:42,11.13,-4.87,0.0,10,11130,卖盘
232,11:17:39,11.13,-4.87,0.0,11,12243,卖盘
233,11:17:36,11.13,-4.87,0.0,13,14469,买盘
234,11:17:33,11.13,-4.87,-0.01,63,70119,卖盘
235,11:17:30,11.14,-4.79,0.01,27,30078,买盘
236,11:17:27,11.13,-4.87,0.0,5,5565,卖盘
237,11:17:24,11.13,-4.87,0.0,18,20034,中性盘
238,11:17:21,11.13,-4.87,-0.01,7,7791,卖盘
239,11:17:18,11.14,-4.79,0.01,141,157074,买盘
240,11:17:15,11.13,-4.87,0.0,21,23373,卖盘
241,11:17:12,11.13,-4.87,-0.01,19,21147,中性盘
242,11:17:06,11.14,-4.79,-0.01,41,45674,中性盘
243,11:17:06,11.14,-4.79,0.01,41,45674,买盘
244,11:17:03,11.13,-4.87,-0.01,20,22260,卖盘
245,11:17:00,11.14,-4.79,0.01,15,16710,买盘
246,11:16:57,11.13,-4.87,0.01,42,46746,中性盘
247,11:16:54,11.12,-4.96,-0.01,95,105640,卖盘
248,11:16:51,11.13,-4.87,0.0,33,36729,买盘
249,11:16:48,11.13,-4.87,-0.01,10,11130,卖盘
250,11:16:45,11.14,-4.79,-0.03,100,111400,卖盘
251,11:16:42,11.17,-4.53,0.03,5,5585,买盘
252,11:16:39,11.14,-4.79,-0.03,118,131452,卖盘
253,11:16:36,11.17,-4.53,0.01,56,62552,买盘
254,11:16:33,11.16,-4.62,-0.01,178,198648,买盘
255,11:16:30,11.17,-4.53,0.02,10,11170,买盘
256,11:16:27,11.15,-4.70,0.0,164,182860,卖盘
257,11:16:24,11.15,-4.70,-0.02,190,211850,卖盘
258,11:16:18,11.17,-4.53,0.0,30,33510,买盘
259,11:16:15,11.17,-4.53,0.0,11,12287,买盘
260,11:16:12,11.17,-4.53,-0.02,264,294888,卖盘
261,11:16:09,11.19,-4.36,0.0,28,31332,买盘
262,11:16:06,11.19,-4.36,0.0,108,120852,买盘
263,11:16:03,11.19,-4.36,0.0,23,25737,卖盘
264,11:16:00,11.19,-4.36,0.0,85,95115,卖盘
265,11:15:57,11.19,-4.36,0.0,35,39165,买盘
266,11:15:54,11.19,-4.36,-0.05,21,23499,中性盘
267,11:15:51,11.24,-3.93,0.06,100,112400,买盘
268,11:15:48,11.18,-4.44,-0.01,6,6708,卖盘
269,11:15:45,11.19,-4.36,0.05,15,16785,买盘
270,11:15:42,11.14,-4.79,-0.09,26,28964,卖盘
271,11:15:39,11.23,-4.02,0.08,1000,1123000,买盘
272,11:15:33,11.15,-4.70,0.0,68,75820,卖盘
273,11:15:30,11.15,-4.70,0.0,20,22300,买盘
274,11:15:27,11.15,-4.70,0.01,176,196240,买盘
275,11:15:24,11.14,-4.79,-0.01,54,60156,卖盘
276,11:15:21,11.15,-4.70,0.0,119,132685,买盘
277,11:15:18,11.15,-4.70,0.0,16,17840,买盘
278,11:15:15,11.15,-4.70,0.01,76,84740,买盘
279,11:15:12,11.14,-4.79,0.0,22,24508,卖盘
280,11:15:09,11.14,-4.79,0.0,20,22280,卖盘
281,11:15:06,11.14,-4.79,0.01,36,40104,买盘
282,11:15:03,11.13,-4.87,0.0,1,1113,买盘
283,11:15:00,11.13,-4.87,0.01,19,21147,买盘
284,11:14:57,11.12,-4.96,0.0,4,4448,卖盘
285,11:14:51,11.12,-4.96,0.0,499,554888,买盘
286,11:14:48,11.12,-4.96,0.01,25,28245,买盘
287,11:14:45,11.11,-5.04,0.0,54,59994,买盘
288,11:14:42,11.11,-5.04,0.01,57,63327,买盘
289,11:14:39,11.1,-5.13,-0.01,70,77700,卖盘
290,11:14:36,11.11,-5.04,0.01,20,22220,买盘
291,11:14:33,11.1,-5.13,-0.01,33,36630,卖盘
292,11:14:30,11.11,-5.04,0.01,98,108878,买盘
293,11:14:27,11.1,-5.13,-0.01,18,19980,卖盘
294,11:14:21,11.11,-5.04,0.01,51,56661,买盘
295,11:14:18,11.1,-5.13,-0.01,38,42180,卖盘
296,11:14:15,11.11,-5.04,0.0,28,31108,买盘
297,11:14:12,11.11,-5.04,0.01,19,21109,买盘
298,11:14:09,11.1,-5.13,-0.01,9,9990,卖盘
299,11:14:06,11.11,-5.04,0.01,36,39996,买盘
300,11:14:03,11.1,-5.13,0.0,24,26640,卖盘
301,11:14:00,11.1,-5.13,0.0,147,163170,卖盘
302,11:13:57,11.1,-5.13,0.0,65,72150,中性盘
303,11:13:57,11.1,-5.13,0.0,65,72150,卖盘
304,11:13:54,11.1,-5.13,0.01,4,4440,卖盘
305,11:13:51,11.09,-5.21,-0.01,65,72085,卖盘
306,11:13:48,11.1,-5.13,0.0,7,7770,买盘
307,11:13:45,11.1,-5.13,-0.01,222,246420,卖盘
308,11:13:42,11.11,-5.04,0.01,24,26664,买盘
309,11:13:39,11.1,-5.13,0.0,12,13320,买盘
310,11:13:36,11.1,-5.13,0.0,21,23310,买盘
311,11:13:33,11.1,-5.13,0.0,24,26640,买盘
312,11:13:30,11.1,-5.13,0.0,5,5550,买盘
313,11:13:27,11.1,-5.13,0.0,6,6660,买盘
314,11:13:24,11.1,-5.13,-0.01,73,81030,卖盘
315,11:13:21,11.11,-5.04,0.0,45,49995,买盘
316,11:13:18,11.11,-5.04,0.0,16,17776,买盘
317,11:13:15,11.11,-5.04,0.01,9,9999,买盘
318,11:13:12,11.1,-5.13,-0.01,9,9990,卖盘
319,11:13:09,11.11,-5.04,0.01,17,18887,买盘
320,11:13:06,11.1,-5.13,0.0,16,17760,卖盘
321,11:13:03,11.1,-5.13,0.0,58,64380,买盘
322,11:13:00,11.1,-5.13,0.0,5,5550,买盘
323,11:12:57,11.1,-5.13,-0.01,20,22200,买盘
324,11:12:54,11.11,-5.04,0.01,134,148874,买盘
325,11:12:51,11.1,-5.13,0.0,6,6660,买盘
326,11:12:48,11.1,-5.13,-0.01,25,27750,卖盘
327,11:12:42,11.11,-5.04,0.01,59,65549,买盘
328,11:12:39,11.1,-5.13,0.0,24,26640,买盘
329,11:12:36,11.1,-5.13,0.01,122,135420,买盘
330,11:12:33,11.09,-5.21,0.0,8,8872,卖盘
331,11:12:30,11.09,-5.21,0.0,58,64322,卖盘
332,11:12:27,11.09,-5.21,-0.01,17,18853,卖盘
333,11:12:24,11.1,-5.13,0.0,78,86580,买盘
334,11:12:21,11.1,-5.13,0.0,22,24420,买盘
335,11:12:18,11.1,-5.13,-0.01,1071,1188810,卖盘
336,11:12:15,11.11,-5.04,-0.01,96,106656,卖盘
337,11:12:12,11.12,-4.96,0.0,19,21128,买盘
338,11:12:09,11.12,-4.96,0.01,43,47816,买盘
339,11:12:06,11.11,-5.04,0.0,38,42218,卖盘
340,11:12:03,11.11,-5.04,0.0,71,78881,卖盘
341,11:12:00,11.11,-5.04,0.0,104,115544,卖盘
342,11:11:57,11.11,-5.04,0.0,298,331078,卖盘
343,11:11:54,11.11,-5.04,-0.01,73,81103,卖盘
344,11:11:51,11.12,-4.96,0.0,29,32248,买盘
345,11:11:48,11.12,-4.96,0.01,135,150120,买盘
346,11:11:45,11.11,-5.04,0.0,92,102212,卖盘
347,11:11:42,11.11,-5.04,0.01,546,606606,买盘
348,11:11:39,11.1,-5.13,0.0,301,334110,卖盘
349,11:11:36,11.1,-5.13,-0.01,71,78810,卖盘
350,11:11:33,11.11,-5.04,0.0,40,44440,买盘
351,11:11:30,11.11,-5.04,0.01,88,97768,买盘
352,11:11:27,11.1,-5.13,-0.01,63,69930,卖盘
353,11:11:24,11.11,-5.04,0.0,124,137764,买盘
354,11:11:21,11.11,-5.04,0.0,81,89991,买盘
355,11:11:18,11.11,-5.04,0.01,147,163317,买盘
356,11:11:15,11.1,-5.13,0.0,200,222000,卖盘
357,11:11:09,11.1,-5.13,-0.01,84,93240,卖盘
358,11:11:06,11.11,-5.04,0.0,103,114433,卖盘
359,11:11:03,11.11,-5.04,-0.01,79,87769,卖盘
360,11:11:00,11.12,-4.96,0.0,72,80064,买盘
361,11:10:57,11.12,-4.96,-0.01,25,27800,卖盘
362,11:10:54,11.13,-4.87,0.01,14,15582,买盘
363,11:10:51,11.12,-4.96,0.0,31,34472,买盘
364,11:10:48,11.12,-4.96,0.0,17,18904,买盘
365,11:10:45,11.12,-4.96,0.0,50,55600,中性盘
366,11:10:45,11.12,-4.96,0.01,50,55600,买盘
367,11:10:42,11.11,-5.04,0.01,40,44440,买盘
368,11:10:39,11.1,-5.13,0.0,176,195360,买盘
369,11:10:36,11.1,-5.13,0.0,43,47730,买盘
370,11:10:33,11.1,-5.13,0.0,197,218670,买盘
371,11:10:30,11.1,-5.13,0.0,137,152070,买盘
372,11:10:27,11.1,-5.13,-0.01,15,16650,中性盘
373,11:10:24,11.11,-5.04,0.01,21,23331,买盘
374,11:10:21,11.1,-5.13,0.0,3,3330,卖盘
375,11:10:18,11.1,-5.13,0.01,9,9990,中性盘
376,11:10:15,11.09,-5.21,-0.03,114,126426,卖盘
377,11:10:12,11.12,-4.96,0.0,13,14456,买盘
378,11:10:09,11.12,-4.96,0.04,30,33360,买盘
379,11:10:06,11.08,-5.30,0.0,21,23268,卖盘
380,11:10:03,11.08,-5.30,-0.04,59,65372,卖盘
381,11:10:00,11.12,-4.96,0.0,155,172360,买盘
382,11:09:57,11.12,-4.96,0.04,150,166800,买盘
383,11:09:54,11.08,-5.30,-0.04,22,24376,中性盘
384,11:09:51,11.12,-4.96,0.01,50,55600,买盘
385,11:09:48,11.11,-5.04,0.03,117,129987,买盘
386,11:09:45,11.08,-5.30,-0.03,40,44320,卖盘
387,11:09:42,11.11,-5.04,0.04,107,118877,买盘
388,11:09:39,11.07,-5.38,0.0,583,645381,卖盘
389,11:09:36,11.07,-5.38,0.01,157,173799,中性盘
390,11:09:33,11.06,-5.47,0.01,121,133826,买盘
391,11:09:30,11.05,-5.56,0.0,219,241995,买盘
392,11:09:27,11.05,-5.56,0.0,110,121550,中性盘
393,11:09:24,11.05,-5.56,0.02,226,249730,买盘
394,11:09:21,11.03,-5.73,-0.02,357,393771,卖盘
395,11:09:18,11.05,-5.56,0.02,441,487305,买盘
396,11:09:15,11.03,-5.73,0.0,255,281265,卖盘
397,11:09:12,11.03,-5.73,0.0,102,112506,卖盘
398,11:09:09,11.03,-5.73,-0.01,10,11030,卖盘
399,11:09:06,11.04,-5.64,0.01,43,47472,买盘
400,11:09:03,11.03,-5.73,-0.01,32,35296,卖盘
401,11:09:00,11.04,-5.64,-0.01,240,264960,卖盘
402,11:08:57,11.05,-5.56,0.01,50,55250,买盘
403,11:08:54,11.04,-5.64,-0.01,398,439392,卖盘
404,11:08:51,11.05,-5.56,-0.01,125,138125,卖盘
405,11:08:48,11.06,-5.47,0.0,69,76314,买盘
406,11:08:45,11.06,-5.47,0.0,177,195762,卖盘
407,11:08:42,11.06,-5.47,0.0,251,277606,卖盘
408,11:08:39,11.06,-5.47,-0.02,209,231154,卖盘
409,11:08:36,11.08,-5.30,0.0,31,34348,买盘
410,11:08:33,11.08,-5.30,0.01,774,857592,中性盘
411,11:08:30,11.07,-5.38,-0.04,337,373059,卖盘
412,11:08:27,11.11,-5.04,0.0,2502,2779722,卖盘
413,11:08:24,11.11,-5.04,0.0,362,402182,卖盘
414,11:08:21,11.11,-5.04,-0.01,4,4444,卖盘
415,11:08:18,11.12,-4.96,0.01,48,53376,中性盘
416,11:08:15,11.11,-5.04,-0.01,261,289971,卖盘
417,11:08:12,11.12,-4.96,-0.01,42,46704,卖盘
418,11:08:09,11.13,-4.87,0.0,58,64554,买盘
419,11:08:06,11.13,-4.87,0.01,8,8904,买盘
420,11:08:03,11.12,-4.96,0.0,88,97856,卖盘
421,11:08:00,11.12,-4.96,-0.01,36,40032,卖盘
422,11:07:57,11.13,-4.87,0.0,18,20034,买盘
423,11:07:54,11.13,-4.87,0.0,135,150255,卖盘
424,11:07:51,11.13,-4.87,-0.01,29,32277,卖盘
425,11:07:48,11.14,-4.79,0.0,32,35648,买盘
426,11:07:45,11.14,-4.79,0.01,25,27850,买盘
427,11:07:42,11.13,-4.87,-0.01,76,84588,卖盘
428,11:07:39,11.14,-4.79,0.0,19,21166,卖盘
429,11:07:36,11.14,-4.79,0.0,2,2228,卖盘
430,11:07:33,11.14,-4.79,0.0,21,23394,中性盘
431,11:07:33,11.14,-4.79,-0.01,21,23394,卖盘
432,11:07:30,11.15,-4.70,0.01,6,6690,买盘
433,11:07:27,11.14,-4.79,0.01,54,60156,买盘
434,11:07:24,11.13,-4.87,0.0,150,166950,卖盘
435,11:07:21,11.13,-4.87,-0.01,4,4452,卖盘
436,11:07:18,11.14,-4.79,0.01,15,16710,买盘
437,11:07:15,11.13,-4.87,0.0,9,10017,卖盘
438,11:07:12,11.13,-4.87,-0.02,6,6678,卖盘
439,11:07:09,11.15,-4.70,0.01,64,71360,买盘
440,11:07:06,11.14,-4.79,0.01,15,16710,买盘
441,11:07:03,11.13,-4.87,-0.01,14,15582,卖盘
442,11:07:00,11.14,-4.79,0.0,216,240624,卖盘
443,11:06:57,11.14,-4.79,0.0,16,17824,卖盘
444,11:06:54,11.14,-4.79,0.0,81,90234,卖盘
445,11:06:51,11.14,-4.79,-0.01,13,14482,卖盘
446,11:06:48,11.15,-4.70,0.01,28,31220,买盘
447,11:06:45,11.14,-4.79,0.0,6,6684,卖盘
448,11:06:42,11.14,-4.79,0.0,107,119198,卖盘
449,11:06:39,11.14,-4.79,-0.01,84,93576,卖盘
450,11:06:36,11.15,-4.70,0.0,40,44600,买盘
451,11:06:33,11.15,-4.70,0.0,42,46830,买盘
452,11:06:30,11.15,-4.70,0.0,36,40140,买盘
453,11:06:27,11.15,-4.70,0.01,114,127110,买盘
454,11:06:24,11.14,-4.79,-0.01,32,35648,卖盘
455,11:06:21,11.15,-4.70,0.01,23,25645,买盘
456,11:06:18,11.14,-4.79,0.0,119,132566,卖盘
457,11:06:15,11.14,-4.79,0.0,28,31192,卖盘
458,11:06:12,11.14,-4.79,0.0,7,7798,买盘
459,11:06:09,11.14,-4.79,0.01,63,70182,买盘
460,11:06:06,11.13,-4.87,-0.01,14,15582,卖盘
461,11:06:03,11.14,-4.79,0.0,25,27850,买盘
462,11:06:00,11.14,-4.79,-0.01,7,7798,卖盘
463,11:05:57,11.15,-4.70,0.01,14,15610,买盘
464,11:05:54,11.14,-4.79,0.0,12,13368,卖盘
465,11:05:51,11.14,-4.79,0.0,5,5570,卖盘
466,11:05:48,11.14,-4.79,-0.01,1,1114,卖盘
467,11:05:45,11.15,-4.70,0.01,50,55750,买盘
468,11:05:42,11.14,-4.79,0.0,12,13368,卖盘
469,11:05:39,11.14,-4.79,0.0,3,3342,卖盘
470,11:05:36,11.14,-4.79,0.01,88,98032,买盘
471,11:05:33,11.13,-4.87,0.0,18,20034,卖盘
472,11:05:30,11.13,-4.87,0.0,51,56763,买盘
473,11:05:27,11.13,-4.87,0.0,99,110187,买盘
474,11:05:24,11.13,-4.87,0.0,17,18921,买盘
475,11:05:21,11.13,-4.87,0.0,155,172515,买盘
476,11:05:18,11.13,-4.87,0.01,12,13356,卖盘
477,11:05:15,11.12,-4.96,-0.01,30,33360,卖盘
478,11:05:12,11.13,-4.87,0.01,105,116865,买盘
479,11:05:09,11.12,-4.96,0.01,46,51152,买盘
480,11:05:06,11.11,-5.04,-0.01,240,266640,卖盘
481,11:05:03,11.12,-4.96,0.01,22,24464,买盘
482,11:04:57,11.11,-5.04,-0.02,85,94435,卖盘
483,11:04:54,11.13,-4.87,0.01,254,282702,买盘
484,11:04:51,11.12,-4.96,0.0,10,11120,卖盘
485,11:04:48,11.12,-4.96,0.0,4,4448,卖盘
486,11:04:45,11.12,-4.96,-0.01,40,44480,卖盘
487,11:04:42,11.13,-4.87,0.01,29,32277,买盘
488,11:04:39,11.12,-4.96,0.01,164,182368,买盘
489,11:04:36,11.11,-5.04,0.0,24,26664,卖盘
490,11:04:33,11.11,-5.04,-0.01,30,33330,卖盘
491,11:04:30,11.12,-4.96,0.01,35,38920,买盘
492,11:04:27,11.11,-5.04,0.0,7,7777,卖盘
493,11:04:24,11.11,-5.04,0.0,37,41107,卖盘
494,11:04:21,11.11,-5.04,0.0,73,81103,中性盘
495,11:04:21,11.11,-5.04,-0.01,73,81103,卖盘
496,11:04:18,11.12,-4.96,0.01,20,22240,买盘
497,11:04:15,11.11,-5.04,0.0,150,166650,卖盘
498,11:04:12,11.11,-5.04,0.0,30,33330,卖盘
499,11:04:09,11.11,-5.04,0.0,38,42218,卖盘
500,11:04:06,11.11,-5.04,-0.01,126,139986,卖盘
501,11:04:03,11.12,-4.96,0.01,24,26688,买盘
502,11:04:00,11.11,-5.04,0.0,92,102212,卖盘
503,11:03:57,11.11,-5.04,0.0,10,11110,卖盘
504,11:03:54,11.11,-5.04,0.0,16,17776,卖盘
505,11:03:51,11.11,-5.04,0.0,74,82214,卖盘
506,11:03:48,11.11,-5.04,-0.01,42,46662,卖盘
507,11:03:45,11.12,-4.96,0.01,7,7784,买盘
508,11:03:42,11.11,-5.04,0.0,24,26664,卖盘
509,11:03:39,11.11,-5.04,-0.01,53,58883,卖盘
510,11:03:36,11.12,-4.96,0.01,37,41144,买盘
511,11:03:33,11.11,-5.04,0.0,59,65549,买盘
512,11:03:30,11.11,-5.04,-0.01,938,1042118,卖盘
513,11:03:27,11.12,-4.96,0.01,21,23352,买盘
514,11:03:24,11.11,-5.04,0.0,51,56661,卖盘
515,11:03:21,11.11,-5.04,-0.01,5,5555,卖盘
516,11:03:18,11.12,-4.96,0.0,15,16680,买盘
517,11:03:15,11.12,-4.96,0.0,35,38920,买盘
518,11:03:09,11.12,-4.96,0.0,14,15568,买盘
519,11:03:06,11.12,-4.96,0.01,215,239080,买盘
520,11:03:03,11.11,-5.04,-0.01,48,53328,卖盘
521,11:03:00,11.12,-4.96,0.01,303,336936,买盘
522,11:02:57,11.11,-5.04,0.0,10,11110,卖盘
523,11:02:54,11.11,-5.04,-0.01,24,26664,卖盘
524,11:02:51,11.12,-4.96,0.0,50,55600,买盘
525,11:02:48,11.12,-4.96,0.0,28,31136,买盘
526,11:02:45,11.12,-4.96,0.01,244,271328,买盘
527,11:02:42,11.11,-5.04,-0.01,59,65549,卖盘
528,11:02:39,11.12,-4.96,0.0,20,22240,卖盘
529,11:02:36,11.12,-4.96,0.0,5,5560,卖盘
530,11:02:33,11.12,-4.96,0.01,516,573792,买盘
531,11:02:30,11.11,-5.04,-0.01,109,121099,卖盘
532,11:02:27,11.12,-4.96,0.0,14,15568,买盘
533,11:02:24,11.12,-4.96,0.0,15,16680,买盘
534,11:02:21,11.12,-4.96,0.01,5,5560,买盘
535,11:02:18,11.11,-5.04,0.0,54,59994,卖盘
536,11:02:15,11.11,-5.04,-0.01,29,32219,卖盘
537,11:02:12,11.12,-4.96,0.0,80,88960,买盘
538,11:02:09,11.12,-4.96,0.01,56,62272,买盘
539,11:02:06,11.11,-5.04,0.0,38,42218,卖盘
540,11:02:03,11.11,-5.04,-0.01,10,11110,卖盘
541,11:02:00,11.12,-4.96,-0.01,117,130104,卖盘
542,11:01:57,11.13,-4.87,0.01,50,55650,买盘
543,11:01:54,11.12,-4.96,0.01,194,215728,买盘
544,11:01:51,11.11,-5.04,0.0,28,31108,卖盘
545,11:01:48,11.11,-5.04,0.0,15,16665,卖盘
546,11:01:45,11.11,-5.04,0.0,114,126654,卖盘
547,11:01:42,11.11,-5.04,0.0,12,13332,卖盘
548,11:01:39,11.11,-5.04,0.01,107,118877,买盘
549,11:01:36,11.1,-5.13,-0.01,83,92130,卖盘
550,11:01:33,11.11,-5.04,0.0,462,513282,买盘
551,11:01:30,11.11,-5.04,0.0,564,626604,买盘
552,11:01:27,11.11,-5.04,0.01,90,99990,买盘
553,11:01:24,11.1,-5.13,0.0,138,153180,卖盘
554,11:01:21,11.1,-5.13,0.0,35,38850,卖盘
555,11:01:18,11.1,-5.13,0.0,485,538350,卖盘
556,11:01:15,11.1,-5.13,-0.01,124,137640,卖盘
557,11:01:12,11.11,-5.04,0.0,122,135542,买盘
558,11:01:09,11.11,-5.04,0.0,59,65549,买盘
559,11:01:09,11.11,-5.04,0.0,59,65549,中性盘
560,11:01:09,11.11,-5.04,0.01,59,65549,买盘
561,11:01:06,11.1,-5.13,-0.01,31,34410,卖盘
562,11:01:03,11.11,-5.04,0.0,172,191092,卖盘
563,11:01:00,11.11,-5.04,0.0,80,88880,卖盘
564,11:00:57,11.11,-5.04,0.0,66,73326,卖盘
565,11:00:54,11.11,-5.04,0.0,28,31108,卖盘
566,11:00:51,11.11,-5.04,-0.01,89,98879,卖盘
567,11:00:48,11.12,-4.96,0.01,377,419224,买盘
568,11:00:45,11.11,-5.04,0.0,56,62216,买盘
569,11:00:42,11.11,-5.04,-0.01,1515,1683165,卖盘
570,11:00:39,11.12,-4.96,-0.01,123,136776,卖盘
571,11:00:36,11.13,-4.87,0.01,38,42294,中性盘
572,11:00:33,11.12,-4.96,0.0,58,64496,卖盘
573,11:00:30,11.12,-4.96,0.0,16,17792,卖盘
574,11:00:27,11.12,-4.96,0.0,108,120096,卖盘
575,11:00:24,11.12,-4.96,-0.01,35,38920,卖盘
576,11:00:21,11.13,-4.87,0.0,151,168063,买盘
577,11:00:18,11.13,-4.87,0.01,229,254877,中性盘
578,11:00:15,11.12,-4.96,-0.01,119,132328,卖盘
579,11:00:12,11.13,-4.87,-0.01,29,32277,中性盘
580,11:00:09,11.14,-4.79,0.01,578,643892,中性盘
581,11:00:06,11.13,-4.87,-0.02,278,309414,卖盘
582,11:00:03,11.15,-4.70,0.0,658,734339,卖盘
583,11:00:00,11.15,-4.70,0.0,181,201815,卖盘
584,10:59:57,11.15,-4.70,0.0,31,34565,卖盘
585,10:59:54,11.15,-4.70,-0.01,41,45715,卖盘
586,10:59:51,11.16,-4.62,0.01,17,18972,买盘
587,10:59:48,11.15,-4.70,-0.01,52,57980,卖盘
588,10:59:45,11.16,-4.62,0.0,43,47988,买盘
589,10:59:42,11.16,-4.62,-0.01,17,18972,卖盘
590,10:59:39,11.17,-4.53,0.01,158,176486,买盘
591,10:59:36,11.16,-4.62,0.0,128,142848,买盘
592,10:59:33,11.16,-4.62,0.0,1,1116,买盘
593,10:59:30,11.16,-4.62,-0.01,84,93744,卖盘
594,10:59:27,11.17,-4.53,0.01,142,158614,买盘
595,10:59:24,11.16,-4.62,0.0,40,44640,卖盘
596,10:59:21,11.16,-4.62,-0.01,73,81468,卖盘
597,10:59:18,11.17,-4.53,0.0,56,62552,买盘
598,10:59:15,11.17,-4.53,0.01,7,7819,买盘
599,10:59:12,11.16,-4.62,-0.01,24,26784,卖盘
600,10:59:09,11.17,-4.53,0.01,10,11170,买盘
601,10:59:06,11.16,-4.62,-0.01,36,40176,卖盘
602,10:59:03,11.17,-4.53,0.0,1020,1139340,卖盘
603,10:59:00,11.17,-4.53,0.0,4,4468,卖盘
604,10:58:54,11.17,-4.53,0.01,151,168667,买盘
605,10:58:51,11.16,-4.62,-0.01,30,33480,卖盘
606,10:58:48,11.17,-4.53,0.0,88,98296,卖盘
607,10:58:45,11.17,-4.53,0.0,52,58084,卖盘
608,10:58:42,11.17,-4.53,0.0,12,13404,卖盘
609,10:58:39,11.17,-4.53,-0.01,4,4468,中性盘
610,10:58:36,11.18,-4.44,0.02,989,1105702,买盘
611,10:58:33,11.16,-4.62,0.0,486,542376,卖盘
612,10:58:30,11.16,-4.62,0.0,24,26784,卖盘
613,10:58:24,11.16,-4.62,0.0,55,61380,卖盘
614,10:58:21,11.16,-4.62,0.0,136,151776,卖盘
615,10:58:18,11.16,-4.62,0.0,84,93744,买盘
616,10:58:15,11.16,-4.62,0.01,17,18972,买盘
617,10:58:12,11.15,-4.70,0.0,21,23415,卖盘
618,10:58:09,11.15,-4.70,0.0,160,178400,卖盘
619,10:58:06,11.15,-4.70,-0.01,20,22300,卖盘
620,10:58:03,11.16,-4.62,0.0,56,62496,买盘
621,10:58:00,11.16,-4.62,0.0,27,30132,买盘
622,10:57:57,11.16,-4.62,0.0,170,189720,买盘
623,10:57:57,11.16,-4.62,0.0,170,189720,中性盘
624,10:57:57,11.16,-4.62,0.0,170,189720,买盘
625,10:57:54,11.16,-4.62,0.0,115,128340,卖盘
626,10:57:51,11.16,-4.62,0.01,146,162936,买盘
627,10:57:48,11.15,-4.70,-0.01,10,11150,卖盘
628,10:57:45,11.16,-4.62,0.01,45,50220,买盘
629,10:57:42,11.15,-4.70,-0.01,16,17840,卖盘
630,10:57:39,11.16,-4.62,0.01,10,11160,买盘
631,10:57:36,11.15,-4.70,0.0,60,66900,卖盘
632,10:57:33,11.15,-4.70,-0.01,23,25645,卖盘
633,10:57:30,11.16,-4.62,0.01,235,262260,买盘
634,10:57:27,11.15,-4.70,0.0,15,16725,卖盘
635,10:57:24,11.15,-4.70,-0.01,18,20070,卖盘
636,10:57:21,11.16,-4.62,0.0,6,6696,买盘
637,10:57:18,11.16,-4.62,0.0,15,16740,买盘
638,10:57:15,11.16,-4.62,0.0,205,228780,卖盘
639,10:57:12,11.16,-4.62,0.0,6,6696,卖盘
640,10:57:09,11.16,-4.62,0.01,10,11160,中性盘
641,10:57:06,11.15,-4.70,-0.01,108,120420,卖盘
642,10:57:03,11.16,-4.62,0.0,25,27900,买盘
643,10:57:00,11.16,-4.62,0.0,17,18972,买盘
644,10:56:57,11.16,-4.62,0.01,28,31248,卖盘
645,10:56:54,11.15,-4.70,-0.01,156,173940,卖盘
646,10:56:51,11.16,-4.62,-0.01,93,103788,卖盘
647,10:56:48,11.17,-4.53,0.01,6,6702,买盘
648,10:56:45,11.16,-4.62,-0.02,27,30132,卖盘
649,10:56:42,11.18,-4.44,0.02,83,92794,买盘
650,10:56:39,11.16,-4.62,-0.02,50,55800,卖盘
651,10:56:36,11.18,-4.44,0.02,1,1118,买盘
652,10:56:33,11.16,-4.62,0.0,11,12276,卖盘
653,10:56:30,11.16,-4.62,-0.02,115,128340,卖盘
654,10:56:27,11.18,-4.44,0.0,47,52546,买盘
655,10:56:24,11.18,-4.44,0.0,61,68198,卖盘
656,10:56:21,11.18,-4.44,0.01,136,152048,买盘
657,10:56:18,11.17,-4.53,-0.01,45,50265,买盘
658,10:56:15,11.18,-4.44,0.02,503,562354,买盘
659,10:56:12,11.16,-4.62,0.0,253,282348,卖盘
660,10:56:09,11.16,-4.62,-0.01,385,429660,卖盘
661,10:56:06,11.17,-4.53,-0.01,311,347387,卖盘
662,10:56:03,11.18,-4.44,0.0,571,638378,卖盘
663,10:56:00,11.18,-4.44,-0.01,52,58136,卖盘
664,10:55:57,11.19,-4.36,0.01,40,44760,中性盘
665,10:55:51,11.18,-4.44,0.0,20,22360,卖盘
666,10:55:48,11.18,-4.44,-0.01,33,36894,卖盘
667,10:55:45,11.19,-4.36,0.0,82,91758,买盘
668,10:55:42,11.19,-4.36,0.0,1,1119,买盘
669,10:55:39,11.19,-4.36,0.0,4,4476,卖盘
670,10:55:36,11.19,-4.36,0.01,16,17904,卖盘
671,10:55:33,11.18,-4.44,-0.01,34,38012,卖盘
672,10:55:30,11.19,-4.36,0.0,4,4476,卖盘
673,10:55:27,11.19,-4.36,0.0,36,40284,买盘
674,10:55:24,11.19,-4.36,0.0,47,52593,卖盘
675,10:55:21,11.19,-4.36,0.0,207,231633,卖盘
676,10:55:18,11.19,-4.36,0.0,197,220443,卖盘
677,10:55:15,11.19,-4.36,0.0,6,6714,卖盘
678,10:55:12,11.19,-4.36,-0.01,33,36927,卖盘
679,10:55:09,11.2,-4.27,0.02,166,185920,买盘
680,10:55:06,11.18,-4.44,-0.01,17,19006,卖盘
681,10:55:03,11.19,-4.36,0.0,17,19023,买盘
682,10:55:00,11.19,-4.36,0.01,21,23499,买盘
683,10:54:57,11.18,-4.44,-0.02,3,3354,卖盘
684,10:54:54,11.2,-4.27,0.02,43,48160,买盘
685,10:54:51,11.18,-4.44,-0.01,44,49192,卖盘
686,10:54:48,11.19,-4.36,-0.01,15,16785,中性盘
687,10:54:45,11.2,-4.27,0.0,44,49280,买盘
688,10:54:45,11.2,-4.27,0.0,44,49280,中性盘
689,10:54:45,11.2,-4.27,0.01,44,49280,买盘
690,10:54:42,11.19,-4.36,0.0,33,36927,卖盘
691,10:54:39,11.19,-4.36,0.0,36,40284,卖盘
692,10:54:36,11.19,-4.36,0.01,40,44760,买盘
693,10:54:33,11.18,-4.44,-0.02,54,60372,卖盘
694,10:54:30,11.2,-4.27,0.02,24,26880,买盘
695,10:54:27,11.18,-4.44,0.0,88,98384,卖盘
696,10:54:24,11.18,-4.44,-0.01,46,51428,卖盘
697,10:54:21,11.19,-4.36,0.01,4,4476,中性盘
698,10:54:18,11.18,-4.44,0.0,6,6708,卖盘
699,10:54:15,11.18,-4.44,0.0,146,163228,卖盘
700,10:54:12,11.18,-4.44,0.01,143,159874,卖盘
701,10:54:09,11.17,-4.53,-0.02,59,65903,卖盘
702,10:54:06,11.19,-4.36,0.01,47,52593,买盘
703,10:54:03,11.18,-4.44,0.0,6,6708,卖盘
704,10:54:00,11.18,-4.44,-0.01,96,107328,卖盘
705,10:53:57,11.19,-4.36,0.01,3,3357,买盘
706,10:53:54,11.18,-4.44,-0.01,122,136396,卖盘
707,10:53:51,11.19,-4.36,0.01,102,114138,买盘
708,10:53:48,11.18,-4.44,-0.01,90,100620,卖盘
709,10:53:45,11.19,-4.36,0.01,68,76092,买盘
710,10:53:42,11.18,-4.44,0.0,12,13416,卖盘
711,10:53:39,11.18,-4.44,0.0,25,27950,卖盘
712,10:53:36,11.18,-4.44,-0.01,68,76024,卖盘
713,10:53:33,11.19,-4.36,0.0,19,21261,买盘
714,10:53:30,11.19,-4.36,0.0,22,24618,买盘
715,10:53:27,11.19,-4.36,0.0,56,62664,买盘
716,10:53:24,11.19,-4.36,0.02,9,10071,买盘
717,10:53:21,11.17,-4.53,-0.01,20,22340,卖盘
718,10:53:18,11.18,-4.44,-0.02,5,5590,卖盘
719,10:53:15,11.2,-4.27,0.01,84,94080,买盘
720,10:53:12,11.19,-4.36,0.02,117,130923,买盘
721,10:53:09,11.17,-4.53,-0.02,50,55850,卖盘
722,10:53:06,11.19,-4.36,0.01,224,250656,买盘
723,10:53:03,11.18,-4.44,0.0,4,4472,卖盘
724,10:53:00,11.18,-4.44,0.0,9,10062,卖盘
725,10:52:57,11.18,-4.44,-0.01,55,61490,卖盘
726,10:52:54,11.19,-4.36,0.01,73,81687,买盘
727,10:52:51,11.18,-4.44,0.0,13,14534,卖盘
728,10:52:48,11.18,-4.44,-0.01,14,15652,卖盘
729,10:52:45,11.19,-4.36,0.0,170,190230,买盘
730,10:52:42,11.19,-4.36,0.0,25,27975,买盘
731,10:52:39,11.19,-4.36,0.0,52,58188,卖盘
732,10:52:36,11.19,-4.36,0.0,307,343533,买盘
733,10:52:33,11.19,-4.36,0.01,4,4476,买盘
734,10:52:30,11.18,-4.44,0.0,48,53664,买盘
735,10:52:27,11.18,-4.44,0.0,21,23478,买盘
736,10:52:24,11.18,-4.44,0.01,15,16770,卖盘
737,10:52:21,11.17,-4.53,0.0,35,39095,卖盘
738,10:52:18,11.17,-4.53,-0.01,10,11170,卖盘
739,10:52:15,11.18,-4.44,0.01,20,22360,买盘
740,10:52:12,11.17,-4.53,0.0,90,100530,卖盘
741,10:52:09,11.17,-4.53,0.01,22,24574,卖盘
742,10:52:06,11.16,-4.62,-0.01,63,70308,卖盘
743,10:52:03,11.17,-4.53,0.0,62,69254,买盘
744,10:52:00,11.17,-4.53,0.01,26,29042,买盘
745,10:51:57,11.16,-4.62,0.0,203,226548,卖盘
746,10:51:54,11.16,-4.62,0.0,433,483228,卖盘
747,10:51:51,11.16,-4.62,0.0,25,27900,卖盘
748,10:51:48,11.16,-4.62,0.0,115,128340,卖盘
749,10:51:45,11.16,-4.62,0.0,127,141732,卖盘
750,10:51:42,11.16,-4.62,0.0,104,116064,卖盘
751,10:51:39,11.16,-4.62,-0.01,24,26784,卖盘
752,10:51:36,11.17,-4.53,0.0,113,126221,买盘
753,10:51:33,11.17,-4.53,0.0,69,77073,买盘
754,10:51:33,11.17,-4.53,0.0,69,77073,中性盘
755,10:51:33,11.17,-4.53,0.01,69,77073,买盘
756,10:51:30,11.16,-4.62,-0.01,12,13392,卖盘
757,10:51:27,11.17,-4.53,-0.01,45,50265,买盘
758,10:51:24,11.18,-4.44,0.01,34,38012,买盘
759,10:51:21,11.17,-4.53,0.02,799,892483,卖盘
760,10:51:18,11.15,-4.70,0.0,93,103695,卖盘
761,10:51:12,11.15,-4.70,-0.03,2109,2351535,卖盘
762,10:51:09,11.18,-4.44,0.0,55,61490,卖盘
763,10:51:06,11.18,-4.44,-0.01,4,4472,卖盘
764,10:51:03,11.19,-4.36,0.0,5,5595,买盘
765,10:51:00,11.19,-4.36,0.0,31,34689,买盘
766,10:50:57,11.19,-4.36,0.0,17,19023,买盘
767,10:50:54,11.19,-4.36,0.0,133,148827,买盘
768,10:50:51,11.19,-4.36,0.0,1706,1909014,卖盘
769,10:50:48,11.19,-4.36,0.0,3,3357,卖盘
770,10:50:45,11.19,-4.36,0.01,10,11190,中性盘
771,10:50:39,11.18,-4.44,-0.01,1524,1703832,卖盘
772,10:50:33,11.19,-4.36,-0.02,108,120852,卖盘
773,10:50:30,11.21,-4.19,0.0,21,23541,买盘
774,10:50:27,11.21,-4.19,0.01,6,6726,买盘
775,10:50:24,11.2,-4.27,-0.02,504,564480,卖盘
776,10:50:21,11.22,-4.10,0.01,170,190740,买盘
777,10:50:18,11.21,-4.19,0.01,5,5605,买盘
778,10:50:15,11.2,-4.27,-0.01,46,51520,卖盘
779,10:50:12,11.21,-4.19,0.01,650,728650,买盘
780,10:50:09,11.2,-4.27,-0.01,48,53760,卖盘
781,10:50:06,11.21,-4.19,0.01,17,19057,买盘
782,10:50:03,11.2,-4.27,-0.01,4,4480,卖盘
783,10:50:00,11.21,-4.19,0.0,5,5605,买盘
784,10:49:57,11.21,-4.19,0.0,6,6726,卖盘
785,10:49:54,11.21,-4.19,0.0,31,34751,卖盘
786,10:49:51,11.21,-4.19,0.0,17,19057,卖盘
787,10:49:48,11.21,-4.19,0.0,135,151335,买盘
788,10:49:45,11.21,-4.19,0.0,38,42598,买盘
789,10:49:42,11.21,-4.19,0.0,124,139004,买盘
790,10:49:39,11.21,-4.19,0.0,40,44840,买盘
791,10:49:36,11.21,-4.19,0.0,2,2242,买盘
792,10:49:30,11.21,-4.19,0.0,55,61655,卖盘
793,10:49:27,11.21,-4.19,0.01,105,117705,买盘
794,10:49:21,11.2,-4.27,0.0,5,5600,卖盘
795,10:49:18,11.2,-4.27,0.0,6,6720,卖盘
796,10:49:15,11.2,-4.27,-0.01,24,26880,卖盘
797,10:49:12,11.21,-4.19,0.0,70,78470,买盘
798,10:49:09,11.21,-4.19,0.0,12,13452,买盘
799,10:49:06,11.21,-4.19,0.0,24,26904,买盘
800,10:49:03,11.21,-4.19,0.0,11,12331,买盘
801,10:49:00,11.21,-4.19,0.0,117,131157,买盘
802,10:48:57,11.21,-4.19,0.01,5,5605,买盘
803,10:48:54,11.2,-4.27,-0.02,11,12320,卖盘
804,10:48:51,11.22,-4.10,0.01,9,10098,买盘
805,10:48:48,11.21,-4.19,0.01,5,5605,买盘
806,10:48:45,11.2,-4.27,-0.01,4,4480,卖盘
807,10:48:42,11.21,-4.19,-0.01,60,67260,卖盘
808,10:48:39,11.22,-4.10,0.02,113,126786,买盘
809,10:48:36,11.2,-4.27,-0.01,44,49280,卖盘
810,10:48:33,11.21,-4.19,0.01,29,32509,买盘
811,10:48:27,11.2,-4.27,-0.01,11,12320,卖盘
812,10:48:24,11.21,-4.19,0.01,2,2242,买盘
813,10:48:21,11.2,-4.27,0.0,34,38080,卖盘
814,10:48:21,11.2,-4.27,0.0,34,38080,中性盘
815,10:48:21,11.2,-4.27,-0.01,34,38080,卖盘
816,10:48:18,11.21,-4.19,-0.01,189,211869,卖盘
817,10:48:15,11.22,-4.10,0.01,62,69564,买盘
818,10:48:09,11.21,-4.19,0.0,54,60534,卖盘
819,10:48:06,11.21,-4.19,0.0,15,16815,卖盘
820,10:48:00,11.21,-4.19,0.0,86,96406,卖盘
821,10:47:54,11.21,-4.19,0.0,68,76228,卖盘
822,10:47:51,11.21,-4.19,0.0,4,4484,卖盘
823,10:47:48,11.21,-4.19,-0.01,146,163666,卖盘
824,10:47:45,11.22,-4.10,0.01,12,13464,买盘
825,10:47:42,11.21,-4.19,-0.01,34,38114,卖盘
826,10:47:39,11.22,-4.10,0.01,27,30294,买盘
827,10:47:36,11.21,-4.19,0.0,152,170392,卖盘
828,10:47:33,11.21,-4.19,-0.01,65,72865,卖盘
829,10:47:30,11.22,-4.10,0.0,19,21318,买盘
830,10:47:27,11.22,-4.10,0.01,82,92004,买盘
831,10:47:21,11.21,-4.19,-0.01,4,4484,卖盘
832,10:47:18,11.22,-4.10,0.01,14,15708,买盘
833,10:47:15,11.21,-4.19,-0.01,5,5605,卖盘
834,10:47:12,11.22,-4.10,0.0,14,15708,买盘
835,10:47:09,11.22,-4.10,0.0,6,6732,买盘
836,10:47:06,11.22,-4.10,0.0,70,78540,卖盘
837,10:47:00,11.22,-4.10,-0.01,104,116688,卖盘
838,10:46:54,11.23,-4.02,0.0,155,174065,买盘
839,10:46:51,11.23,-4.02,0.01,50,56150,买盘
840,10:46:45,11.22,-4.10,-0.01,19,21318,卖盘
841,10:46:42,11.23,-4.02,0.0,23,25829,买盘
842,10:46:39,11.23,-4.02,0.0,19,21337,卖盘
843,10:46:36,11.23,-4.02,0.01,29,32567,买盘
844,10:46:30,11.22,-4.10,0.0,121,135762,卖盘
845,10:46:27,11.22,-4.10,0.0,193,216546,买盘
846,10:46:21,11.22,-4.10,0.01,124,139128,买盘
847,10:46:18,11.21,-4.19,0.0,77,86317,卖盘
848,10:46:15,11.21,-4.19,-0.01,7,7847,卖盘
849,10:46:12,11.22,-4.10,0.01,3,3366,买盘
850,10:46:09,11.21,-4.19,-0.01,7,7847,卖盘
851,10:46:06,11.22,-4.10,0.0,31,34782,买盘
852,10:46:00,11.22,-4.10,0.01,19,21318,买盘
853,10:45:57,11.21,-4.19,-0.01,39,43719,卖盘
854,10:45:54,11.22,-4.10,-0.01,18,20196,卖盘
855,10:45:51,11.23,-4.02,0.0,106,119038,买盘
856,10:45:48,11.23,-4.02,0.01,20,22460,买盘
857,10:45:45,11.22,-4.10,-0.01,16,17952,卖盘
858,10:45:42,11.23,-4.02,0.01,19,21337,买盘
859,10:45:39,11.22,-4.10,-0.01,119,133518,卖盘
860,10:45:36,11.23,-4.02,0.0,28,31444,买盘
861,10:45:33,11.23,-4.02,0.01,60,67380,买盘
862,10:45:30,11.22,-4.10,0.0,9,10098,卖盘
863,10:45:27,11.22,-4.10,-0.01,21,23562,卖盘
864,10:45:24,11.23,-4.02,0.0,26,29198,买盘
865,10:45:21,11.23,-4.02,0.0,126,141498,买盘
866,10:45:18,11.23,-4.02,0.01,31,34813,买盘
867,10:45:15,11.22,-4.10,-0.01,45,50490,卖盘
868,10:45:12,11.23,-4.02,0.01,31,34813,买盘
869,10:45:09,11.22,-4.10,0.0,10,11220,卖盘
870,10:45:06,11.22,-4.10,0.0,20,22440,中性盘
871,10:45:06,11.22,-4.10,-0.01,20,22440,卖盘
872,10:45:03,11.23,-4.02,0.0,47,52781,买盘
873,10:44:54,11.23,-4.02,0.01,27,30321,买盘
874,10:44:51,11.22,-4.10,0.0,21,23562,卖盘
875,10:44:48,11.22,-4.10,0.0,14,15708,卖盘
876,10:44:45,11.22,-4.10,-0.01,5,5610,卖盘
877,10:44:39,11.23,-4.02,0.0,120,134760,买盘
878,10:44:36,11.23,-4.02,0.0,9,10107,买盘
879,10:44:33,11.23,-4.02,0.0,31,34813,买盘
880,10:44:30,11.23,-4.02,0.0,20,22460,买盘
881,10:44:27,11.23,-4.02,0.0,7,7861,买盘
882,10:44:24,11.23,-4.02,0.01,30,33690,中性盘
883,10:44:21,11.22,-4.10,0.0,18,20196,卖盘
884,10:44:18,11.22,-4.10,0.0,207,232254,卖盘
885,10:44:09,11.22,-4.10,-0.01,14,15708,卖盘
886,10:44:06,11.23,-4.02,0.01,93,104439,买盘
887,10:44:03,11.22,-4.10,-0.01,27,30294,卖盘
888,10:44:00,11.23,-4.02,0.0,1,1123,买盘
889,10:43:57,11.23,-4.02,0.0,7,7861,卖盘
890,10:43:54,11.23,-4.02,0.0,35,39305,卖盘
891,10:43:51,11.23,-4.02,0.0,46,51658,卖盘
892,10:43:48,11.23,-4.02,-0.01,4,4492,买盘
893,10:43:45,11.24,-3.93,0.02,26,29224,买盘
894,10:43:42,11.22,-4.10,-0.01,25,28050,卖盘
895,10:43:39,11.23,-4.02,0.01,101,113423,买盘
896,10:43:36,11.22,-4.10,-0.01,144,161568,卖盘
897,10:43:33,11.23,-4.02,0.0,198,222354,卖盘
898,10:43:30,11.23,-4.02,-0.02,12,13476,卖盘
899,10:43:27,11.25,-3.85,0.0,37,41625,买盘
900,10:43:24,11.25,-3.85,0.01,126,141750,买盘
901,10:43:21,11.24,-3.93,0.0,1,1124,卖盘
902,10:43:18,11.24,-3.93,0.01,37,41588,中性盘
903,10:43:12,11.23,-4.02,-0.02,14,15722,卖盘
904,10:43:09,11.25,-3.85,0.02,135,151875,买盘
905,10:43:06,11.23,-4.02,0.0,4,4492,卖盘
906,10:43:00,11.23,-4.02,0.0,21,23583,卖盘
907,10:42:57,11.23,-4.02,-0.01,45,50535,中性盘
908,10:42:54,11.24,-3.93,0.01,45,50580,买盘
909,10:42:51,11.23,-4.02,0.01,25,28075,中性盘
910,10:42:45,11.22,-4.10,-0.01,18,20196,卖盘
911,10:42:42,11.23,-4.02,0.0,31,34813,买盘
912,10:42:39,11.23,-4.02,0.0,57,64011,买盘
913,10:42:36,11.23,-4.02,0.01,44,49412,买盘
914,10:42:33,11.22,-4.10,-0.01,6,6732,卖盘
915,10:42:30,11.23,-4.02,0.0,16,17968,买盘
916,10:42:24,11.23,-4.02,0.0,45,50535,买盘
917,10:42:21,11.23,-4.02,0.01,1,1123,买盘
918,10:42:18,11.22,-4.10,-0.01,2,2244,卖盘
919,10:42:15,11.23,-4.02,0.0,29,32567,买盘
920,10:42:12,11.23,-4.02,0.0,43,48289,卖盘
921,10:42:09,11.23,-4.02,0.0,32,35936,卖盘
922,10:42:06,11.23,-4.02,-0.01,163,183049,卖盘
923,10:42:03,11.24,-3.93,0.02,4,4496,买盘
924,10:42:00,11.22,-4.10,0.0,52,58344,卖盘
925,10:41:57,11.22,-4.10,0.0,50,56100,卖盘
926,10:41:54,11.22,-4.10,0.0,44,49368,中性盘
927,10:41:54,11.22,-4.10,0.0,44,49368,卖盘
928,10:41:51,11.22,-4.10,0.0,4,4488,卖盘
929,10:41:48,11.22,-4.10,0.0,30,33660,卖盘
930,10:41:45,11.22,-4.10,-0.01,10,11220,卖盘
931,10:41:42,11.23,-4.02,0.0,10,11230,买盘
932,10:41:39,11.23,-4.02,0.0,40,44920,卖盘
933,10:41:36,11.23,-4.02,0.0,15,16845,卖盘
934,10:41:30,11.23,-4.02,0.0,19,21337,卖盘
935,10:41:24,11.23,-4.02,0.0,58,65134,卖盘
936,10:41:21,11.23,-4.02,-0.01,8,8984,卖盘
937,10:41:15,11.24,-3.93,0.01,5,5620,买盘
938,10:41:12,11.23,-4.02,0.0,28,31444,买盘
939,10:41:09,11.23,-4.02,0.01,100,112300,买盘
940,10:41:06,11.22,-4.10,-0.01,4,4488,卖盘
941,10:41:03,11.23,-4.02,0.0,5,5615,买盘
942,10:41:00,11.23,-4.02,-0.01,7,7861,中性盘
943,10:40:57,11.24,-3.93,0.01,1121,1260004,买盘
944,10:40:54,11.23,-4.02,0.0,41,46043,买盘
945,10:40:51,11.23,-4.02,0.01,40,44920,买盘
946,10:40:48,11.22,-4.10,-0.01,4,4488,卖盘
947,10:40:45,11.23,-4.02,0.0,5,5615,买盘
948,10:40:42,11.23,-4.02,-0.01,23,25829,卖盘
949,10:40:39,11.24,-3.93,0.01,48,53952,买盘
950,10:40:36,11.23,-4.02,0.0,65,72995,卖盘
951,10:40:33,11.23,-4.02,0.0,4,4492,卖盘
952,10:40:30,11.23,-4.02,-0.02,4,4492,卖盘
953,10:40:27,11.25,-3.85,0.0,3,3375,买盘
954,10:40:24,11.25,-3.85,0.02,51,57375,买盘
955,10:40:21,11.23,-4.02,-0.01,83,93209,卖盘
956,10:40:18,11.24,-3.93,0.0,14,15736,买盘
957,10:40:15,11.24,-3.93,0.0,43,48332,买盘
958,10:40:12,11.24,-3.93,-0.01,203,228172,卖盘
959,10:40:09,11.25,-3.85,0.01,54,60750,买盘
960,10:40:06,11.24,-3.93,0.0,3,3372,卖盘
961,10:40:00,11.24,-3.93,0.0,18,20232,卖盘
962,10:39:57,11.24,-3.93,-0.01,29,32596,卖盘
963,10:39:54,11.25,-3.85,0.0,45,50625,买盘
964,10:39:51,11.25,-3.85,0.02,144,162000,买盘
965,10:39:48,11.23,-4.02,-0.01,390,437970,卖盘
966,10:39:45,11.24,-3.93,0.0,50,56200,卖盘
967,10:39:42,11.24,-3.93,0.0,270,303480,买盘
968,10:39:39,11.24,-3.93,0.0,10,11240,卖盘
969,10:39:36,11.24,-3.93,0.0,24,26976,卖盘
970,10:39:33,11.24,-3.93,0.0,42,47208,卖盘
971,10:39:30,11.24,-3.93,-0.01,30,33720,卖盘
972,10:39:24,11.25,-3.85,0.01,119,133875,买盘
973,10:39:21,11.24,-3.93,-0.01,5,5620,卖盘
974,10:39:18,11.25,-3.85,0.0,17,19125,买盘
975,10:39:15,11.25,-3.85,0.01,10,11250,买盘
976,10:39:12,11.24,-3.93,0.0,156,175344,卖盘
977,10:39:06,11.24,-3.93,0.0,28,31472,卖盘
978,10:39:03,11.24,-3.93,0.0,4,4496,卖盘
979,10:39:00,11.24,-3.93,0.0,20,22480,卖盘
980,10:38:54,11.24,-3.93,0.0,54,60696,卖盘
981,10:38:51,11.24,-3.93,-0.01,42,47208,卖盘
982,10:38:48,11.25,-3.85,0.0,20,22500,买盘
983,10:38:45,11.25,-3.85,0.01,562,632250,买盘
984,10:38:42,11.24,-3.93,0.0,100,112400,中性盘
985,10:38:42,11.24,-3.93,0.0,100,112400,卖盘
986,10:38:39,11.24,-3.93,-0.01,8,8992,卖盘
987,10:38:36,11.25,-3.85,0.0,9,10125,买盘
988,10:38:33,11.25,-3.85,0.01,314,353250,买盘
989,10:38:30,11.24,-3.93,0.0,12,13488,卖盘
990,10:38:27,11.24,-3.93,-0.01,26,29224,卖盘
991,10:38:24,11.25,-3.85,0.0,40,45000,买盘
992,10:38:21,11.25,-3.85,0.01,5,5625,买盘
993,10:38:18,11.24,-3.93,0.0,4,4496,卖盘
994,10:38:12,11.24,-3.93,-0.01,5,5620,卖盘
995,10:38:09,11.25,-3.85,0.01,1,1125,买盘
996,10:38:03,11.24,-3.93,0.0,4,4496,卖盘
997,10:38:00,11.24,-3.93,0.0,37,41588,卖盘
998,10:37:57,11.24,-3.93,-0.01,8,8992,卖盘
999,10:37:54,11.25,-3.85,0.0,50,56250,买盘
1000,10:37:51,11.25,-3.85,0.0,6,6750,买盘
1001,10:37:45,11.25,-3.85,0.02,431,484875,买盘
1002,10:37:42,11.23,-4.02,-0.01,260,291980,卖盘
1003,10:37:39,11.24,-3.93,0.0,66,74184,卖盘
1004,10:37:33,11.24,-3.93,0.0,10,11240,卖盘
1005,10:37:30,11.24,-3.93,-0.01,6,6744,中性盘
1006,10:37:21,11.25,-3.85,0.01,55,61875,买盘
1007,10:37:18,11.24,-3.93,-0.01,13,14612,卖盘
1008,10:37:12,11.25,-3.85,0.02,10,11250,买盘
1009,10:37:09,11.23,-4.02,-0.01,54,60642,卖盘
1010,10:37:06,11.24,-3.93,0.0,72,80928,卖盘
1011,10:36:57,11.24,-3.93,0.0,4,4496,卖盘
1012,10:36:54,11.24,-3.93,-0.01,16,17984,中性盘
1013,10:36:51,11.25,-3.85,0.0,39,43875,买盘
1014,10:36:48,11.25,-3.85,0.01,13,14625,买盘
1015,10:36:45,11.24,-3.93,-0.01,10,11240,卖盘
1016,10:36:42,11.25,-3.85,0.01,3,3375,买盘
1017,10:36:39,11.24,-3.93,0.01,31,34844,卖盘
1018,10:36:36,11.23,-4.02,-0.02,14,15722,卖盘
1019,10:36:33,11.25,-3.85,0.01,168,189000,买盘
1020,10:36:27,11.24,-3.93,0.0,63,70812,买盘
1021,10:36:24,11.24,-3.93,0.0,6,6744,买盘
1022,10:36:21,11.24,-3.93,0.01,47,52828,买盘
1023,10:36:18,11.23,-4.02,0.01,26,29198,卖盘
1024,10:36:12,11.22,-4.10,0.0,23,25806,卖盘
1025,10:36:09,11.22,-4.10,-0.01,27,30294,卖盘
1026,10:36:06,11.23,-4.02,0.0,3,3369,买盘
1027,10:36:03,11.23,-4.02,0.01,32,35936,中性盘
1028,10:36:00,11.22,-4.10,-0.02,89,99858,卖盘
1029,10:35:57,11.24,-3.93,0.0,10,11240,买盘
1030,10:35:54,11.24,-3.93,0.0,14,15736,买盘
1031,10:35:48,11.24,-3.93,0.0,109,122516,买盘
1032,10:35:45,11.24,-3.93,0.0,14,15736,买盘
1033,10:35:42,11.24,-3.93,0.0,100,112400,买盘
1034,10:35:39,11.24,-3.93,0.01,15,16860,买盘
1035,10:35:36,11.23,-4.02,-0.01,9,10107,中性盘
1036,10:35:33,11.24,-3.93,0.0,69,77556,买盘
1037,10:35:30,11.24,-3.93,0.0,139,156236,中性盘
1038,10:35:30,11.24,-3.93,0.0,139,156236,买盘
1039,10:35:27,11.24,-3.93,0.0,75,84300,买盘
1040,10:35:24,11.24,-3.93,0.0,70,78680,卖盘
1041,10:35:21,11.24,-3.93,-0.01,111,124764,卖盘
1042,10:35:18,11.25,-3.85,0.0,30,33750,买盘
1043,10:35:15,11.25,-3.85,0.0,31,34875,卖盘
1044,10:35:12,11.25,-3.85,0.0,250,281250,卖盘
1045,10:35:09,11.25,-3.85,0.01,804,904500,买盘
1046,10:35:06,11.24,-3.93,0.01,10,11240,买盘
1047,10:35:03,11.23,-4.02,0.0,41,46043,卖盘
1048,10:35:00,11.23,-4.02,0.0,10,11230,买盘
1049,10:34:57,11.23,-4.02,0.0,62,69626,买盘
1050,10:34:54,11.23,-4.02,-0.01,233,261659,卖盘
1051,10:34:48,11.24,-3.93,0.02,49,55076,买盘
1052,10:34:45,11.22,-4.10,-0.01,52,58344,卖盘
1053,10:34:36,11.23,-4.02,0.0,11,12353,买盘
1054,10:34:30,11.23,-4.02,0.0,25,28075,卖盘
1055,10:34:27,11.23,-4.02,0.0,12,13476,卖盘
1056,10:34:24,11.23,-4.02,0.03,128,143744,买盘
1057,10:34:21,11.2,-4.27,0.0,19,21280,卖盘
1058,10:34:18,11.2,-4.27,-0.03,104,116480,卖盘
1059,10:34:15,11.23,-4.02,0.03,2,2246,买盘
1060,10:34:12,11.2,-4.27,0.0,6,6720,卖盘
1061,10:34:09,11.2,-4.27,0.0,60,67200,卖盘
1062,10:34:06,11.2,-4.27,0.0,4,4480,卖盘
1063,10:34:03,11.2,-4.27,0.0,20,22400,卖盘
1064,10:34:00,11.2,-4.27,0.0,10,11200,卖盘
1065,10:33:57,11.2,-4.27,0.0,4,4480,卖盘
1066,10:33:54,11.2,-4.27,0.0,51,57120,卖盘
1067,10:33:51,11.2,-4.27,-0.02,4,4480,卖盘
1068,10:33:48,11.22,-4.10,0.02,3,3366,买盘
1069,10:33:45,11.2,-4.27,0.0,46,51520,卖盘
1070,10:33:42,11.2,-4.27,0.0,28,31360,买盘
1071,10:33:39,11.2,-4.27,0.0,38,42560,买盘
1072,10:33:36,11.2,-4.27,0.0,33,36960,买盘
1073,10:33:33,11.2,-4.27,0.0,2,2240,买盘
1074,10:33:30,11.2,-4.27,0.01,118,132160,买盘
1075,10:33:27,11.19,-4.36,-0.01,4,4476,卖盘
1076,10:33:24,11.2,-4.27,0.01,9,10080,买盘
1077,10:33:21,11.19,-4.36,-0.01,17,19023,卖盘
1078,10:33:18,11.2,-4.27,0.0,169,189280,卖盘
1079,10:33:15,11.2,-4.27,0.0,90,100800,卖盘
1080,10:33:12,11.2,-4.27,-0.01,105,117600,卖盘
1081,10:33:09,11.21,-4.19,0.01,75,84075,买盘
1082,10:33:06,11.2,-4.27,0.0,15,16800,卖盘
1083,10:33:03,11.2,-4.27,0.0,29,32480,卖盘
1084,10:33:00,11.2,-4.27,0.0,234,262080,卖盘
1085,10:32:57,11.2,-4.27,0.0,24,26880,卖盘
1086,10:32:54,11.2,-4.27,0.0,1,1120,卖盘
1087,10:32:51,11.2,-4.27,0.0,37,41440,买盘
1088,10:32:48,11.2,-4.27,0.0,152,170240,买盘
1089,10:32:45,11.2,-4.27,0.0,50,56000,买盘
1090,10:32:42,11.2,-4.27,0.01,136,152320,买盘
1091,10:32:39,11.19,-4.36,0.0,127,142113,卖盘
1092,10:32:36,11.19,-4.36,0.0,10,11190,卖盘
1093,10:32:33,11.19,-4.36,0.0,398,445362,卖盘
1094,10:32:30,11.19,-4.36,-0.01,11,12309,卖盘
1095,10:32:27,11.2,-4.27,0.01,26,29120,买盘
1096,10:32:24,11.19,-4.36,-0.01,260,292014,卖盘
1097,10:32:21,11.2,-4.27,0.01,13,14560,买盘
1098,10:32:18,11.19,-4.36,0.0,30,33570,中性盘
1099,10:32:18,11.19,-4.36,0.0,30,33570,卖盘
1100,10:32:15,11.19,-4.36,0.0,21,23499,卖盘
1101,10:32:12,11.19,-4.36,-0.01,4,4476,卖盘
1102,10:32:09,11.2,-4.27,0.0,143,160160,买盘
1103,10:32:06,11.2,-4.27,0.01,115,128800,买盘
1104,10:32:03,11.19,-4.36,-0.01,204,228276,卖盘
1105,10:32:00,11.2,-4.27,0.0,1014,1135680,买盘
1106,10:31:57,11.2,-4.27,0.0,37,41440,买盘
1107,10:31:54,11.2,-4.27,0.01,79,88480,买盘
1108,10:31:51,11.19,-4.36,0.0,4,4476,卖盘
1109,10:31:48,11.19,-4.36,-0.01,63,70497,卖盘
1110,10:31:45,11.2,-4.27,0.0,54,60480,买盘
1111,10:31:42,11.2,-4.27,0.01,28,31360,买盘
1112,10:31:39,11.19,-4.36,-0.01,124,138756,卖盘
1113,10:31:36,11.2,-4.27,0.0,21,23520,买盘
1114,10:31:33,11.2,-4.27,0.01,15,16800,买盘
1115,10:31:30,11.19,-4.36,-0.01,9,10071,卖盘
1116,10:31:27,11.2,-4.27,0.0,36,40320,买盘
1117,10:31:24,11.2,-4.27,0.01,30,33600,买盘
1118,10:31:21,11.19,-4.36,-0.01,39,43641,卖盘
1119,10:31:18,11.2,-4.27,0.0,27,30240,买盘
1120,10:31:15,11.2,-4.27,0.0,100,112000,买盘
1121,10:31:12,11.2,-4.27,0.0,106,118720,买盘
1122,10:31:09,11.2,-4.27,0.0,282,315840,卖盘
1123,10:31:06,11.2,-4.27,0.0,244,273280,卖盘
1124,10:31:03,11.2,-4.27,0.0,74,82880,卖盘
1125,10:31:00,11.2,-4.27,0.0,4,4480,卖盘
1126,10:30:57,11.2,-4.27,0.0,24,26880,卖盘
1127,10:30:54,11.2,-4.27,0.0,198,221760,卖盘
1128,10:30:51,11.2,-4.27,-0.01,30,33600,卖盘
1129,10:30:48,11.21,-4.19,0.0,17,19057,买盘
1130,10:30:45,11.21,-4.19,0.01,14,15694,买盘
1131,10:30:42,11.2,-4.27,0.0,216,241920,买盘
1132,10:30:39,11.2,-4.27,0.0,45,50400,买盘
1133,10:30:36,11.2,-4.27,0.0,251,281120,买盘
1134,10:30:33,11.2,-4.27,0.01,79,88480,买盘
1135,10:30:30,11.19,-4.36,-0.01,97,108543,卖盘
1136,10:30:27,11.2,-4.27,0.0,4,4480,买盘
1137,10:30:24,11.2,-4.27,0.01,55,61600,买盘
1138,10:30:21,11.19,-4.36,0.0,14,15666,卖盘
1139,10:30:15,11.19,-4.36,0.0,37,41403,卖盘
1140,10:30:12,11.19,-4.36,0.0,16,17904,卖盘
1141,10:30:09,11.19,-4.36,0.0,70,78330,卖盘
1142,10:30:06,11.19,-4.36,0.0,87,97353,买盘
1143,10:30:00,11.19,-4.36,0.01,203,227157,买盘
1144,10:29:57,11.18,-4.44,0.0,9,10062,卖盘
1145,10:29:51,11.18,-4.44,0.0,27,30186,卖盘
1146,10:29:48,11.18,-4.44,-0.01,111,124098,卖盘
1147,10:29:45,11.19,-4.36,0.0,15,16785,买盘
1148,10:29:42,11.19,-4.36,0.01,33,36927,买盘
1149,10:29:39,11.18,-4.44,-0.01,8,8944,卖盘
1150,10:29:36,11.19,-4.36,0.0,6,6714,买盘
1151,10:29:33,11.19,-4.36,0.0,10,11190,买盘
1152,10:29:30,11.19,-4.36,0.0,362,405078,卖盘
1153,10:29:27,11.19,-4.36,0.0,4,4476,卖盘
1154,10:29:24,11.19,-4.36,-0.01,107,119733,卖盘
1155,10:29:21,11.2,-4.27,0.01,21,23520,买盘
1156,10:29:18,11.19,-4.36,0.01,17,19023,卖盘
1157,10:29:15,11.18,-4.44,-0.01,117,130806,卖盘
1158,10:29:12,11.19,-4.36,0.01,53,59307,买盘
1159,10:29:09,11.18,-4.44,-0.01,22,24596,卖盘
1160,10:29:06,11.19,-4.36,-0.01,20,22380,中性盘
1161,10:29:06,11.19,-4.36,0.01,20,22380,买盘
1162,10:29:03,11.18,-4.44,-0.01,100,111800,卖盘
1163,10:29:00,11.19,-4.36,0.0,5,5595,卖盘
1164,10:28:57,11.19,-4.36,0.0,47,52593,卖盘
1165,10:28:54,11.19,-4.36,0.01,17,19023,买盘
1166,10:28:51,11.18,-4.44,-0.01,137,153166,卖盘
1167,10:28:48,11.19,-4.36,0.0,5,5595,买盘
1168,10:28:45,11.19,-4.36,0.01,61,68259,买盘
1169,10:28:42,11.18,-4.44,0.0,164,183352,卖盘
1170,10:28:39,11.18,-4.44,-0.01,44,49192,卖盘
1171,10:28:36,11.19,-4.36,0.01,39,43641,买盘
1172,10:28:33,11.18,-4.44,-0.01,4,4472,卖盘
1173,10:28:30,11.19,-4.36,0.0,473,529287,卖盘
1174,10:28:27,11.19,-4.36,0.0,79,88401,卖盘
1175,10:28:24,11.19,-4.36,-0.02,47,52593,卖盘
1176,10:28:21,11.21,-4.19,0.02,402,450642,买盘
1177,10:28:18,11.19,-4.36,0.0,25,27975,卖盘
1178,10:28:15,11.19,-4.36,-0.01,104,116376,卖盘
1179,10:28:12,11.2,-4.27,0.01,71,79520,买盘
1180,10:28:09,11.19,-4.36,0.0,19,21261,卖盘
1181,10:28:06,11.19,-4.36,0.0,26,29094,卖盘
1182,10:28:03,11.19,-4.36,0.0,61,68259,卖盘
1183,10:28:00,11.19,-4.36,0.0,4,4476,卖盘
1184,10:27:57,11.19,-4.36,-0.01,17,19023,卖盘
1185,10:27:54,11.2,-4.27,0.01,56,62720,买盘
1186,10:27:51,11.19,-4.36,-0.01,58,64902,卖盘
1187,10:27:48,11.2,-4.27,0.0,14,15680,买盘
1188,10:27:45,11.2,-4.27,0.0,324,362880,买盘
1189,10:27:42,11.2,-4.27,0.0,7,7840,买盘
1190,10:27:39,11.2,-4.27,0.01,42,47040,买盘
1191,10:27:36,11.19,-4.36,0.0,20,22380,卖盘
1192,10:27:33,11.19,-4.36,-0.01,66,73854,卖盘
1193,10:27:30,11.2,-4.27,0.01,3,3360,买盘
1194,10:27:27,11.19,-4.36,-0.01,18,20142,卖盘
1195,10:27:24,11.2,-4.27,0.0,206,230720,买盘
1196,10:27:21,11.2,-4.27,-0.01,6,6720,卖盘
1197,10:27:18,11.21,-4.19,0.01,56,62776,买盘
1198,10:27:15,11.2,-4.27,0.0,110,123200,卖盘
1199,10:27:12,11.2,-4.27,0.0,53,59360,买盘
1200,10:27:09,11.2,-4.27,0.0,32,35840,买盘
1201,10:27:06,11.2,-4.27,0.0,28,31360,卖盘
1202,10:27:03,11.2,-4.27,0.01,23,25760,卖盘
1203,10:27:00,11.19,-4.36,-0.01,22,24618,卖盘
1204,10:26:57,11.2,-4.27,0.0,20,22400,卖盘
1205,10:26:54,11.2,-4.27,0.0,21,23520,卖盘
1206,10:26:51,11.2,-4.27,0.0,4,4480,卖盘
1207,10:26:48,11.2,-4.27,0.0,20,22478,买盘
1208,10:26:45,11.2,-4.27,0.01,37,41440,买盘
1209,10:26:42,11.19,-4.36,-0.01,79,88401,卖盘
1210,10:26:39,11.2,-4.27,0.0,388,434560,买盘
1211,10:26:36,11.2,-4.27,0.0,8,8960,买盘
1212,10:26:33,11.2,-4.27,0.01,58,64960,买盘
1213,10:26:30,11.19,-4.36,-0.01,4,4476,卖盘
1214,10:26:27,11.2,-4.27,0.0,123,137760,买盘
1215,10:26:24,11.2,-4.27,0.0,14,15680,买盘
1216,10:26:21,11.2,-4.27,0.0,34,38080,买盘
1217,10:26:18,11.2,-4.27,0.0,83,94002,卖盘
1218,10:26:15,11.2,-4.27,0.0,101,113120,卖盘
1219,10:26:12,11.2,-4.27,0.01,202,226318,买盘
1220,10:26:09,11.19,-4.36,0.0,34,38046,卖盘
1221,10:26:06,11.19,-4.36,0.0,3,3357,卖盘
1222,10:26:03,11.19,-4.36,0.0,83,92877,卖盘
1223,10:26:00,11.19,-4.36,0.0,83,92877,卖盘
1224,10:25:57,11.19,-4.36,0.0,16,17904,卖盘
1225,10:25:54,11.19,-4.36,0.0,4,4476,中性盘
1226,10:25:54,11.19,-4.36,-0.01,4,4476,卖盘
1227,10:25:48,11.2,-4.27,0.0,37,41440,买盘
1228,10:25:45,11.2,-4.27,0.0,63,70560,卖盘
1229,10:25:42,11.2,-4.27,0.0,138,154560,卖盘
1230,10:25:39,11.2,-4.27,0.0,38,42560,卖盘
1231,10:25:36,11.2,-4.27,0.0,174,194880,买盘
1232,10:25:33,11.2,-4.27,0.01,19,21280,买盘
1233,10:25:30,11.19,-4.36,-0.01,1,1119,卖盘
1234,10:25:27,11.2,-4.27,0.0,26,29120,买盘
1235,10:25:24,11.2,-4.27,0.0,136,152320,买盘
1236,10:25:21,11.2,-4.27,0.0,120,134400,买盘
1237,10:25:15,11.2,-4.27,0.0,208,232960,买盘
1238,10:25:12,11.2,-4.27,0.0,41,45920,卖盘
1239,10:25:09,11.2,-4.27,0.0,504,564480,卖盘
1240,10:25:06,11.2,-4.27,0.0,27,30240,卖盘
1241,10:25:03,11.2,-4.27,0.0,1015,1136800,卖盘
1242,10:25:00,11.2,-4.27,0.0,93,104160,卖盘
1243,10:24:57,11.2,-4.27,-0.02,161,180320,卖盘
1244,10:24:54,11.22,-4.10,0.01,294,329868,买盘
1245,10:24:51,11.21,-4.19,0.0,203,227563,卖盘
1246,10:24:48,11.21,-4.19,0.0,23,25783,卖盘
1247,10:24:45,11.21,-4.19,0.0,208,233168,卖盘
1248,10:24:42,11.21,-4.19,-0.01,37,41477,卖盘
1249,10:24:39,11.22,-4.10,0.0,21,23562,买盘
1250,10:24:36,11.22,-4.10,0.0,18,20196,买盘
1251,10:24:33,11.22,-4.10,0.0,164,185018,卖盘
1252,10:24:30,11.22,-4.10,0.0,74,83028,卖盘
1253,10:24:27,11.22,-4.10,0.0,4,4488,卖盘
1254,10:24:24,11.22,-4.10,0.0,16,17952,卖盘
1255,10:24:21,11.22,-4.10,0.0,5,5610,卖盘
1256,10:24:18,11.22,-4.10,0.0,59,66198,卖盘
1257,10:24:15,11.22,-4.10,-0.01,38,42636,卖盘
1258,10:24:12,11.23,-4.02,0.01,11,12353,买盘
1259,10:24:09,11.22,-4.10,0.0,4,4488,卖盘
1260,10:24:06,11.22,-4.10,0.0,44,49480,卖盘
1261,10:24:03,11.22,-4.10,0.0,24,26928,卖盘
1262,10:24:00,11.22,-4.10,0.0,13,14586,卖盘
1263,10:23:57,11.22,-4.10,0.0,91,102102,卖盘
1264,10:23:54,11.22,-4.10,0.0,7,7854,卖盘
1265,10:23:48,11.22,-4.10,0.0,5,5610,卖盘
1266,10:23:45,11.22,-4.10,0.0,157,176154,买盘
1267,10:23:42,11.22,-4.10,0.0,6,6732,买盘
1268,10:23:39,11.22,-4.10,0.0,31,34782,买盘
1269,10:23:36,11.22,-4.10,0.01,81,90882,买盘
1270,10:23:33,11.21,-4.19,-0.01,107,119947,卖盘
1271,10:23:30,11.22,-4.10,0.01,39,43758,买盘
1272,10:23:27,11.21,-4.19,-0.01,35,39235,卖盘
1273,10:23:24,11.22,-4.10,0.01,32,35904,买盘
1274,10:23:21,11.21,-4.19,0.0,110,123310,卖盘
1275,10:23:18,11.21,-4.19,0.0,16,17936,卖盘
1276,10:23:15,11.21,-4.19,0.0,20,22420,卖盘
1277,10:23:12,11.21,-4.19,0.0,18,20178,卖盘
1278,10:23:09,11.21,-4.19,-0.01,14,15694,卖盘
1279,10:23:06,11.22,-4.10,0.0,5,5610,买盘
1280,10:23:03,11.22,-4.10,0.01,10,11220,买盘
1281,10:23:00,11.21,-4.19,0.0,68,76228,卖盘
1282,10:22:57,11.21,-4.19,-0.01,25,28025,卖盘
1283,10:22:54,11.22,-4.10,0.01,29,32538,买盘
1284,10:22:51,11.21,-4.19,-0.01,24,26904,卖盘
1285,10:22:48,11.22,-4.10,0.01,164,184008,买盘
1286,10:22:45,11.21,-4.19,-0.01,132,147972,卖盘
1287,10:22:42,11.22,-4.10,-0.01,29,32538,中性盘
1288,10:22:42,11.22,-4.10,0.01,29,32538,买盘
1289,10:22:39,11.21,-4.19,-0.01,95,106495,卖盘
1290,10:22:36,11.22,-4.10,-0.01,320,359040,卖盘
1291,10:22:33,11.23,-4.02,0.01,20,22460,买盘
1292,10:22:30,11.22,-4.10,0.0,35,39270,卖盘
1293,10:22:27,11.22,-4.10,-0.01,14,15708,卖盘
1294,10:22:24,11.23,-4.02,0.01,20,22460,买盘
1295,10:22:21,11.22,-4.10,-0.01,4,4488,卖盘
1296,10:22:18,11.23,-4.02,0.01,6,6738,买盘
1297,10:22:15,11.22,-4.10,0.0,26,29172,卖盘
1298,10:22:12,11.22,-4.10,0.0,29,32538,卖盘
1299,10:22:06,11.22,-4.10,0.0,21,23562,卖盘
1300,10:22:03,11.22,-4.10,0.0,27,30294,买盘
1301,10:22:00,11.22,-4.10,0.0,39,44768,卖盘
1302,10:21:57,11.22,-4.10,-0.01,11,12342,卖盘
1303,10:21:54,11.23,-4.02,0.01,528,593056,买盘
1304,10:21:51,11.22,-4.10,-0.02,9,10098,卖盘
1305,10:21:48,11.24,-3.93,0.01,156,175344,买盘
1306,10:21:45,11.23,-4.02,0.0,59,66257,卖盘
1307,10:21:42,11.23,-4.02,-0.01,73,81979,卖盘
1308,10:21:39,11.24,-3.93,0.01,94,105656,买盘
1309,10:21:36,11.23,-4.02,-0.01,48,53904,卖盘
1310,10:21:33,11.24,-3.93,0.0,16,17984,买盘
1311,10:21:30,11.24,-3.93,-0.01,1066,1198184,卖盘
1312,10:21:27,11.25,-3.85,0.0,10,11250,卖盘
1313,10:21:24,11.25,-3.85,0.0,1,1125,卖盘
1314,10:21:21,11.25,-3.85,0.01,48,54000,买盘
1315,10:21:18,11.24,-3.93,-0.01,68,76432,卖盘
1316,10:21:15,11.25,-3.85,0.0,80,90000,买盘
1317,10:21:12,11.25,-3.85,0.01,21,23625,买盘
1318,10:21:09,11.24,-3.93,0.0,109,122516,卖盘
1319,10:21:06,11.24,-3.93,-0.01,10,11240,卖盘
1320,10:21:03,11.25,-3.85,0.0,21,23625,买盘
1321,10:21:00,11.25,-3.85,0.01,42,47250,买盘
1322,10:20:57,11.24,-3.93,0.0,46,51704,卖盘
1323,10:20:51,11.24,-3.93,-0.01,33,37092,卖盘
1324,10:20:48,11.25,-3.85,0.01,14,15750,买盘
1325,10:20:45,11.24,-3.93,-0.01,10,11240,卖盘
1326,10:20:42,11.25,-3.85,0.01,10,11250,买盘
1327,10:20:39,11.24,-3.93,0.0,4,4496,卖盘
1328,10:20:36,11.24,-3.93,0.0,19,21356,卖盘
1329,10:20:33,11.24,-3.93,-0.01,47,52828,卖盘
1330,10:20:30,11.25,-3.85,0.0,108,121500,买盘
1331,10:20:27,11.25,-3.85,0.02,202,227250,买盘
1332,10:20:24,11.23,-4.02,-0.02,59,66257,卖盘
1333,10:20:21,11.25,-3.85,0.01,15,16875,买盘
1334,10:20:18,11.24,-3.93,0.0,30,33720,卖盘
1335,10:20:15,11.24,-3.93,0.0,4,4496,卖盘
1336,10:20:12,11.24,-3.93,0.0,129,144996,卖盘
1337,10:20:09,11.24,-3.93,0.0,59,66316,卖盘
1338,10:20:03,11.24,-3.93,-0.01,539,605836,卖盘
1339,10:20:00,11.25,-3.85,0.01,20,22500,买盘
1340,10:19:57,11.24,-3.93,-0.01,232,260768,卖盘
1341,10:19:54,11.25,-3.85,0.0,13,14625,买盘
1342,10:19:51,11.25,-3.85,0.0,19,21375,卖盘
1343,10:19:48,11.25,-3.85,-0.01,55,61875,卖盘
1344,10:19:45,11.26,-3.76,0.02,20,22520,买盘
1345,10:19:42,11.24,-3.93,-0.01,28,31472,卖盘
1346,10:19:39,11.25,-3.85,-0.01,24,27000,买盘
1347,10:19:33,11.26,-3.76,0.0,24,27024,买盘
1348,10:19:30,11.26,-3.76,0.0,93,104718,买盘
1349,10:19:30,11.26,-3.76,0.0,93,104718,中性盘
1350,10:19:30,11.26,-3.76,0.01,93,104718,买盘
1351,10:19:27,11.25,-3.85,0.0,21,23625,卖盘
1352,10:19:24,11.25,-3.85,0.01,2,2250,买盘
1353,10:19:21,11.24,-3.93,0.0,212,238288,卖盘
1354,10:19:18,11.24,-3.93,0.0,60,67440,卖盘
1355,10:19:15,11.24,-3.93,-0.01,30,33720,卖盘
1356,10:19:12,11.25,-3.85,0.01,33,37125,买盘
1357,10:19:09,11.24,-3.93,-0.01,25,28100,卖盘
1358,10:19:03,11.25,-3.85,0.0,3,3375,买盘
1359,10:19:00,11.25,-3.85,0.0,28,31500,买盘
1360,10:18:57,11.25,-3.85,0.0,19,21375,买盘
1361,10:18:54,11.25,-3.85,0.01,15,16875,中性盘
1362,10:18:51,11.24,-3.93,0.01,134,150616,卖盘
1363,10:18:48,11.23,-4.02,-0.02,77,86471,卖盘
1364,10:18:45,11.25,-3.85,0.02,4,4500,买盘
1365,10:18:39,11.23,-4.02,-0.02,99,111177,卖盘
1366,10:18:36,11.25,-3.85,0.01,82,92250,买盘
1367,10:18:33,11.24,-3.93,-0.01,18,20232,卖盘
1368,10:18:30,11.25,-3.85,0.02,61,68625,买盘
1369,10:18:27,11.23,-4.02,-0.01,69,77487,卖盘
1370,10:18:24,11.24,-3.93,0.0,6,6744,买盘
1371,10:18:21,11.24,-3.93,-0.02,251,282124,卖盘
1372,10:18:18,11.26,-3.76,0.0,22,24772,卖盘
1373,10:18:15,11.26,-3.76,0.0,276,310776,卖盘
1374,10:18:12,11.26,-3.76,0.02,113,127238,买盘
1375,10:18:09,11.24,-3.93,0.01,22,24728,中性盘
1376,10:18:06,11.23,-4.02,0.0,53,59519,卖盘
1377,10:18:03,11.23,-4.02,0.0,4,4492,卖盘
1378,10:18:00,11.23,-4.02,0.01,8,8984,中性盘
1379,10:17:57,11.22,-4.10,-0.01,672,753984,卖盘
1380,10:17:54,11.23,-4.02,-0.01,72,80856,卖盘
1381,10:17:51,11.24,-3.93,0.0,24,26976,卖盘
1382,10:17:48,11.24,-3.93,0.0,239,268636,卖盘
1383,10:17:45,11.24,-3.93,0.0,37,41588,买盘
1384,10:17:42,11.24,-3.93,0.0,26,29224,买盘
1385,10:17:39,11.24,-3.93,0.0,55,61820,卖盘
1386,10:17:36,11.24,-3.93,0.0,59,66316,卖盘
1387,10:17:33,11.24,-3.93,0.0,70,78680,卖盘
1388,10:17:30,11.24,-3.93,0.0,56,62944,卖盘
1389,10:17:27,11.24,-3.93,0.0,79,88796,卖盘
1390,10:17:24,11.24,-3.93,-0.01,28,31472,卖盘
1391,10:17:21,11.25,-3.85,0.01,13,14625,买盘
1392,10:17:18,11.24,-3.93,-0.01,77,86548,卖盘
1393,10:17:15,11.25,-3.85,0.01,2,2250,买盘
1394,10:17:12,11.24,-3.93,0.0,5,5620,卖盘
1395,10:17:09,11.24,-3.93,0.0,43,48332,卖盘
1396,10:17:06,11.24,-3.93,0.0,88,98912,买盘
1397,10:17:03,11.24,-3.93,0.01,36,40464,买盘
1398,10:17:00,11.23,-4.02,-0.01,39,43797,卖盘
1399,10:16:57,11.24,-3.93,0.01,15,16860,买盘
1400,10:16:54,11.23,-4.02,-0.01,14,15722,卖盘
1401,10:16:51,11.24,-3.93,0.0,5,5620,买盘
1402,10:16:48,11.24,-3.93,0.01,35,39340,中性盘
1403,10:16:45,11.23,-4.02,0.0,66,74118,卖盘
1404,10:16:42,11.23,-4.02,0.0,13,14599,卖盘
1405,10:16:39,11.23,-4.02,-0.02,45,50535,中性盘
1406,10:16:36,11.25,-3.85,0.02,332,373500,买盘
1407,10:16:33,11.23,-4.02,-0.01,15,16845,买盘
1408,10:16:30,11.24,-3.93,0.01,48,53952,买盘
1409,10:16:27,11.23,-4.02,-0.01,29,32567,卖盘
1410,10:16:24,11.24,-3.93,0.0,29,32596,买盘
1411,10:16:21,11.24,-3.93,0.0,7,7868,买盘
1412,10:16:18,11.24,-3.93,0.0,70,78680,买盘
1413,10:16:18,11.24,-3.93,0.0,70,78680,中性盘
1414,10:16:18,11.24,-3.93,0.0,70,78680,买盘
1415,10:16:15,11.24,-3.93,0.02,35,39340,买盘
1416,10:16:12,11.22,-4.10,-0.03,29,32538,卖盘
1417,10:16:09,11.25,-3.85,0.01,150,168750,买盘
1418,10:16:06,11.24,-3.93,0.0,233,261892,卖盘
1419,10:16:03,11.24,-3.93,0.0,20,22480,卖盘
1420,10:16:00,11.24,-3.93,0.01,163,183212,买盘
1421,10:15:57,11.23,-4.02,0.01,127,142621,买盘
1422,10:15:54,11.22,-4.10,-0.01,11,12342,中性盘
1423,10:15:51,11.23,-4.02,0.01,63,70749,买盘
1424,10:15:48,11.22,-4.10,-0.01,86,96492,卖盘
1425,10:15:45,11.23,-4.02,0.02,14,15722,中性盘
1426,10:15:39,11.21,-4.19,-0.02,23,25783,卖盘
1427,10:15:36,11.23,-4.02,0.01,4,4492,中性盘
1428,10:15:33,11.22,-4.10,-0.01,109,122298,中性盘
1429,10:15:30,11.23,-4.02,-0.02,1125,1263375,卖盘
1430,10:15:27,11.25,-3.85,0.01,45,50625,买盘
1431,10:15:24,11.24,-3.93,-0.01,61,68564,卖盘
1432,10:15:21,11.25,-3.85,0.0,49,55125,买盘
1433,10:15:18,11.25,-3.85,-0.01,54,60750,卖盘
1434,10:15:15,11.26,-3.76,0.01,53,59678,中性盘
1435,10:15:12,11.25,-3.85,-0.02,221,248625,卖盘
1436,10:15:09,11.27,-3.68,0.02,10,11270,买盘
1437,10:15:06,11.25,-3.85,0.0,60,67500,卖盘
1438,10:15:03,11.25,-3.85,0.0,173,194625,买盘
1439,10:15:00,11.25,-3.85,-0.01,178,200250,卖盘
1440,10:14:57,11.26,-3.76,0.0,47,52922,卖盘
1441,10:14:54,11.26,-3.76,0.02,257,289382,买盘
1442,10:14:51,11.24,-3.93,-0.01,4,4496,卖盘
1443,10:14:48,11.25,-3.85,0.0,23,25875,买盘
1444,10:14:45,11.25,-3.85,0.01,149,167625,买盘
1445,10:14:42,11.24,-3.93,0.0,33,37092,卖盘
1446,10:14:39,11.24,-3.93,0.0,126,141624,买盘
1447,10:14:36,11.24,-3.93,0.0,20,22480,买盘
1448,10:14:33,11.24,-3.93,0.01,8,8992,买盘
1449,10:14:30,11.23,-4.02,0.0,20,22460,卖盘
1450,10:14:27,11.23,-4.02,-0.01,14,15722,卖盘
1451,10:14:24,11.24,-3.93,0.0,3,3372,买盘
1452,10:14:21,11.24,-3.93,0.0,53,59572,买盘
1453,10:14:18,11.24,-3.93,0.01,47,52828,买盘
1454,10:14:15,11.23,-4.02,0.02,64,71872,中性盘
1455,10:14:12,11.21,-4.19,-0.02,149,167029,卖盘
1456,10:14:09,11.23,-4.02,0.0,65,72995,卖盘
1457,10:14:06,11.23,-4.02,0.0,8,8984,卖盘
1458,10:14:03,11.23,-4.02,-0.01,124,139252,卖盘
1459,10:14:00,11.24,-3.93,-0.01,11,12364,中性盘
1460,10:13:57,11.25,-3.85,0.0,49,55125,买盘
1461,10:13:54,11.25,-3.85,0.0,482,542250,买盘
1462,10:13:51,11.25,-3.85,0.0,34,38250,买盘
1463,10:13:48,11.25,-3.85,0.0,596,670500,卖盘
1464,10:13:45,11.25,-3.85,-0.01,33,37125,卖盘
1465,10:13:42,11.26,-3.76,0.0,3,3378,买盘
1466,10:13:39,11.26,-3.76,-0.01,344,387344,卖盘
1467,10:13:36,11.27,-3.68,-0.01,36,40572,卖盘
1468,10:13:33,11.28,-3.59,0.01,146,164688,买盘
1469,10:13:30,11.27,-3.68,-0.01,24,27048,卖盘
1470,10:13:27,11.28,-3.59,0.01,516,582048,买盘
1471,10:13:24,11.27,-3.68,0.01,120,135240,卖盘
1472,10:13:21,11.26,-3.76,0.0,3,3378,卖盘
1473,10:13:18,11.26,-3.76,0.0,727,818602,卖盘
1474,10:13:15,11.26,-3.76,0.0,125,140750,卖盘
1475,10:13:09,11.26,-3.76,0.03,132,148632,买盘
1476,10:13:06,11.23,-4.02,0.0,87,97701,卖盘
1477,10:13:06,11.23,-4.02,0.0,87,97701,中性盘
1478,10:13:06,11.23,-4.02,-0.03,87,97701,卖盘
1479,10:13:03,11.26,-3.76,0.03,1,1126,买盘
1480,10:13:00,11.23,-4.02,-0.03,4,4492,卖盘
1481,10:12:57,11.26,-3.76,0.03,178,200428,买盘
1482,10:12:54,11.23,-4.02,0.0,46,51658,卖盘
1483,10:12:51,11.23,-4.02,0.0,21,23583,买盘
1484,10:12:48,11.23,-4.02,0.0,137,153851,买盘
1485,10:12:42,11.23,-4.02,0.0,120,134760,买盘
1486,10:12:39,11.23,-4.02,0.02,139,156097,买盘
1487,10:12:36,11.21,-4.19,0.01,20,22420,买盘
1488,10:12:30,11.2,-4.27,0.0,252,282453,买盘
1489,10:12:27,11.2,-4.27,0.01,266,297920,买盘
1490,10:12:24,11.19,-4.36,0.0,250,279750,卖盘
1491,10:12:21,11.19,-4.36,-0.01,188,210372,卖盘
1492,10:12:18,11.2,-4.27,0.0,279,312480,买盘
1493,10:12:15,11.2,-4.27,0.0,195,218400,买盘
1494,10:12:12,11.2,-4.27,0.01,751,841120,买盘
1495,10:12:09,11.19,-4.36,0.0,123,137637,卖盘
1496,10:12:06,11.19,-4.36,-0.01,17,19023,卖盘
1497,10:12:03,11.2,-4.27,0.01,44,49280,买盘
1498,10:12:00,11.19,-4.36,0.0,15,16785,卖盘
1499,10:11:57,11.19,-4.36,-0.01,32,35808,卖盘
1500,10:11:54,11.2,-4.27,0.01,17,19040,买盘
1501,10:11:51,11.19,-4.36,0.01,82,91758,买盘
1502,10:11:48,11.18,-4.44,-0.01,37,41366,卖盘
1503,10:11:45,11.19,-4.36,0.0,4,4476,卖盘
1504,10:11:42,11.19,-4.36,0.0,109,121971,买盘
1505,10:11:39,11.19,-4.36,0.01,90,100710,买盘
1506,10:11:36,11.18,-4.44,-0.01,601,671918,卖盘
1507,10:11:33,11.19,-4.36,0.0,49,54831,买盘
1508,10:11:30,11.19,-4.36,0.0,52,58188,买盘
1509,10:11:27,11.19,-4.36,0.01,361,403959,买盘
1510,10:11:24,11.18,-4.44,0.0,103,115154,卖盘
1511,10:11:21,11.18,-4.44,0.0,51,57018,卖盘
1512,10:11:18,11.18,-4.44,0.0,13,14534,卖盘
1513,10:11:15,11.18,-4.44,0.01,46,51428,中性盘
1514,10:11:12,11.17,-4.53,-0.01,170,189890,卖盘
1515,10:11:09,11.18,-4.44,0.0,29,32422,买盘
1516,10:11:06,11.18,-4.44,0.0,54,60372,买盘
1517,10:11:03,11.18,-4.44,0.0,22,24596,买盘
1518,10:11:00,11.18,-4.44,0.0,52,58136,买盘
1519,10:10:57,11.18,-4.44,0.0,9,10062,买盘
1520,10:10:54,11.18,-4.44,0.01,58,64844,买盘
1521,10:10:51,11.17,-4.53,0.0,56,62552,卖盘
1522,10:10:48,11.17,-4.53,-0.01,139,155263,卖盘
1523,10:10:45,11.18,-4.44,0.0,1,1118,买盘
1524,10:10:42,11.18,-4.44,0.01,101,112918,买盘
1525,10:10:39,11.17,-4.53,-0.01,49,54733,卖盘
1526,10:10:36,11.18,-4.44,-0.01,73,81614,卖盘
1527,10:10:33,11.19,-4.36,0.0,142,158898,卖盘
1528,10:10:30,11.19,-4.36,0.03,306,342414,买盘
1529,10:10:27,11.16,-4.62,-0.01,1489,1662170,卖盘
1530,10:10:24,11.17,-4.53,-0.01,101,112817,卖盘
1531,10:10:21,11.18,-4.44,0.0,333,372294,买盘
1532,10:10:18,11.18,-4.44,0.0,148,165464,买盘
1533,10:10:15,11.18,-4.44,0.0,76,84968,买盘
1534,10:10:12,11.18,-4.44,0.01,532,594776,买盘
1535,10:10:09,11.17,-4.53,0.0,288,321696,卖盘
1536,10:10:06,11.17,-4.53,-0.01,111,123987,卖盘
1537,10:10:03,11.18,-4.44,0.0,260,290680,买盘
1538,10:10:00,11.18,-4.44,0.0,107,119626,买盘
1539,10:09:57,11.18,-4.44,0.0,82,91676,买盘
1540,10:09:54,11.18,-4.44,0.0,1653,1848054,买盘
1541,10:09:54,11.18,-4.44,0.0,1653,1848054,中性盘
1542,10:09:54,11.18,-4.44,-0.02,1653,1848054,卖盘
1543,10:09:51,11.2,-4.27,0.01,54,60480,买盘
1544,10:09:48,11.19,-4.36,0.0,35,39165,卖盘
1545,10:09:45,11.19,-4.36,-0.01,4,4476,卖盘
1546,10:09:42,11.2,-4.27,0.02,44,49280,买盘
1547,10:09:36,11.18,-4.44,-0.01,108,120744,卖盘
1548,10:09:33,11.19,-4.36,0.0,50,55950,卖盘
1549,10:09:30,11.19,-4.36,0.01,87,97353,买盘
1550,10:09:27,11.18,-4.44,0.0,64,71552,卖盘
1551,10:09:24,11.18,-4.44,-0.01,510,570180,卖盘
1552,10:09:21,11.19,-4.36,0.0,79,88401,买盘
1553,10:09:18,11.19,-4.36,0.0,52,58188,买盘
1554,10:09:15,11.19,-4.36,0.01,94,105186,买盘
1555,10:09:12,11.18,-4.44,-0.01,68,76024,卖盘
1556,10:09:09,11.19,-4.36,0.01,13,14547,买盘
1557,10:09:06,11.18,-4.44,0.0,33,36894,卖盘
1558,10:09:03,11.18,-4.44,-0.01,63,70434,卖盘
1559,10:09:00,11.19,-4.36,0.0,44,49236,买盘
1560,10:08:57,11.19,-4.36,0.01,56,62664,买盘
1561,10:08:54,11.18,-4.44,0.0,189,211302,卖盘
1562,10:08:51,11.18,-4.44,-0.01,106,118508,卖盘
1563,10:08:48,11.19,-4.36,0.01,47,52593,买盘
1564,10:08:45,11.18,-4.44,0.0,753,842760,卖盘
1565,10:08:39,11.18,-4.44,-0.01,181,202358,卖盘
1566,10:08:36,11.19,-4.36,0.0,10,11190,买盘
1567,10:08:33,11.19,-4.36,0.0,49,54831,买盘
1568,10:08:30,11.19,-4.36,0.0,64,71616,买盘
1569,10:08:27,11.19,-4.36,0.0,118,132042,买盘
1570,10:08:24,11.19,-4.36,0.0,342,382698,买盘
1571,10:08:21,11.19,-4.36,0.0,112,125328,买盘
1572,10:08:18,11.19,-4.36,-0.01,87,97353,中性盘
1573,10:08:15,11.2,-4.27,0.0,438,490560,买盘
1574,10:08:12,11.2,-4.27,0.0,113,126560,买盘
1575,10:08:09,11.2,-4.27,0.01,63,70560,买盘
1576,10:08:06,11.19,-4.36,-0.01,35,39165,卖盘
1577,10:08:03,11.2,-4.27,0.01,28,31360,买盘
1578,10:08:00,11.19,-4.36,0.0,67,75186,中性盘
1579,10:07:57,11.19,-4.36,-0.01,81,90639,卖盘
1580,10:07:54,11.2,-4.27,0.0,25,28000,买盘
1581,10:07:51,11.2,-4.27,0.0,11,12320,买盘
1582,10:07:48,11.2,-4.27,0.01,55,61600,买盘
1583,10:07:45,11.19,-4.36,0.0,70,78330,卖盘
1584,10:07:42,11.19,-4.36,-0.01,30,33570,卖盘
1585,10:07:39,11.2,-4.27,0.0,275,308000,买盘
1586,10:07:36,11.2,-4.27,0.0,30,33600,买盘
1587,10:07:33,11.2,-4.27,0.0,149,166880,卖盘
1588,10:07:30,11.2,-4.27,0.0,59,66080,卖盘
1589,10:07:27,11.2,-4.27,0.0,45,50400,卖盘
1590,10:07:24,11.2,-4.27,0.0,170,190400,买盘
1591,10:07:21,11.2,-4.27,0.0,29,32480,买盘
1592,10:07:18,11.2,-4.27,0.0,32,35840,买盘
1593,10:07:15,11.2,-4.27,0.0,430,481600,买盘
1594,10:07:12,11.2,-4.27,0.01,558,624960,买盘
1595,10:07:09,11.19,-4.36,0.0,6,6714,买盘
1596,10:07:06,11.19,-4.36,0.0,283,316677,卖盘
1597,10:07:03,11.19,-4.36,-0.01,234,261846,卖盘
1598,10:07:00,11.2,-4.27,0.01,45,50400,买盘
1599,10:06:57,11.19,-4.36,-0.01,63,70497,卖盘
1600,10:06:54,11.2,-4.27,-0.01,2489,2787680,卖盘
1601,10:06:51,11.21,-4.19,-0.01,44,49324,卖盘
1602,10:06:48,11.22,-4.10,0.0,48,53856,卖盘
1603,10:06:45,11.22,-4.10,0.0,14,15708,卖盘
1604,10:06:42,11.22,-4.10,0.0,160,179520,卖盘
1605,10:06:42,11.22,-4.10,0.0,160,179520,中性盘
1606,10:06:42,11.22,-4.10,0.01,160,179520,中性盘
1607,10:06:39,11.21,-4.19,-0.02,109,122189,卖盘
1608,10:06:36,11.23,-4.02,0.02,10,11230,买盘
1609,10:06:33,11.21,-4.19,-0.02,123,137883,卖盘
1610,10:06:30,11.23,-4.02,0.0,50,56150,买盘
1611,10:06:27,11.23,-4.02,0.02,114,128022,买盘
1612,10:06:24,11.21,-4.19,0.0,14,15694,卖盘
1613,10:06:21,11.21,-4.19,-0.01,10,11210,卖盘
1614,10:06:18,11.22,-4.10,0.01,71,79662,买盘
1615,10:06:15,11.21,-4.19,-0.01,10,11210,卖盘
1616,10:06:12,11.22,-4.10,0.01,4,4488,买盘
1617,10:06:09,11.21,-4.19,-0.01,9,10089,卖盘
1618,10:06:06,11.22,-4.10,-0.01,50,56100,卖盘
1619,10:06:03,11.23,-4.02,0.02,665,746795,买盘
1620,10:05:57,11.21,-4.19,0.0,421,471941,卖盘
1621,10:05:54,11.21,-4.19,-0.01,939,1052619,卖盘
1622,10:05:51,11.22,-4.10,0.01,49,54978,买盘
1623,10:05:48,11.21,-4.19,-0.01,133,149093,卖盘
1624,10:05:45,11.22,-4.10,0.0,200,224400,买盘
1625,10:05:42,11.22,-4.10,-0.01,541,607002,卖盘
1626,10:05:39,11.23,-4.02,0.0,36,40428,买盘
1627,10:05:36,11.23,-4.02,0.0,63,70749,买盘
1628,10:05:33,11.23,-4.02,0.0,150,168450,卖盘
1629,10:05:30,11.23,-4.02,0.0,89,99947,卖盘
1630,10:05:24,11.23,-4.02,0.0,70,78610,卖盘
1631,10:05:21,11.23,-4.02,0.01,297,333531,买盘
1632,10:05:18,11.22,-4.10,-0.01,12,13464,卖盘
1633,10:05:15,11.23,-4.02,-0.01,148,166204,卖盘
1634,10:05:12,11.24,-3.93,-0.01,38,42712,卖盘
1635,10:05:09,11.25,-3.85,0.01,150,168750,买盘
1636,10:05:06,11.24,-3.93,0.01,85,95540,中性盘
1637,10:05:03,11.23,-4.02,-0.02,61,68503,卖盘
1638,10:05:00,11.25,-3.85,0.01,449,505125,买盘
1639,10:04:57,11.24,-3.93,0.01,72,80928,买盘
1640,10:04:54,11.23,-4.02,-0.01,49,55027,卖盘
1641,10:04:51,11.24,-3.93,0.0,18,20232,卖盘
1642,10:04:48,11.24,-3.93,0.0,96,107904,卖盘
1643,10:04:45,11.24,-3.93,-0.01,231,259644,卖盘
1644,10:04:42,11.25,-3.85,0.0,19,21375,买盘
1645,10:04:39,11.25,-3.85,-0.01,22,24750,中性盘
1646,10:04:36,11.26,-3.76,0.0,73,82198,买盘
1647,10:04:33,11.26,-3.76,0.0,483,543858,卖盘
1648,10:04:30,11.26,-3.76,0.0,88,99088,卖盘
1649,10:04:27,11.26,-3.76,0.02,258,290508,买盘
1650,10:04:24,11.24,-3.93,-0.01,192,215808,卖盘
1651,10:04:21,11.25,-3.85,0.0,34,38250,买盘
1652,10:04:18,11.25,-3.85,-0.02,304,342000,卖盘
1653,10:04:15,11.27,-3.68,0.01,125,140875,买盘
1654,10:04:12,11.26,-3.76,0.0,119,133994,买盘
1655,10:04:09,11.26,-3.76,-0.01,29,32654,买盘
1656,10:04:06,11.27,-3.68,0.0,13,14651,买盘
1657,10:04:03,11.27,-3.68,0.01,782,881314,买盘
1658,10:04:00,11.26,-3.76,-0.01,53,59678,卖盘
1659,10:03:57,11.27,-3.68,0.0,11,12397,买盘
1660,10:03:54,11.27,-3.68,0.02,378,426006,买盘
1661,10:03:51,11.25,-3.85,0.0,290,326250,买盘
1662,10:03:48,11.25,-3.85,0.0,44,49500,买盘
1663,10:03:45,11.25,-3.85,0.01,115,129375,买盘
1664,10:03:42,11.24,-3.93,0.0,9,10116,卖盘
1665,10:03:39,11.24,-3.93,0.02,506,568744,买盘
1666,10:03:36,11.22,-4.10,-0.01,109,122298,卖盘
1667,10:03:33,11.23,-4.02,-0.01,45,50535,中性盘
1668,10:03:30,11.24,-3.93,0.0,192,215808,卖盘
1669,10:03:27,11.24,-3.93,0.0,642,721608,中性盘
1670,10:03:27,11.24,-3.93,0.0,642,721608,买盘
1671,10:03:24,11.24,-3.93,0.01,78,87672,买盘
1672,10:03:21,11.23,-4.02,0.0,116,130268,卖盘
1673,10:03:18,11.23,-4.02,0.0,29,32567,卖盘
1674,10:03:15,11.23,-4.02,-0.01,100,112300,卖盘
1675,10:03:12,11.24,-3.93,0.01,28,31472,买盘
1676,10:03:09,11.23,-4.02,-0.01,66,74118,卖盘
1677,10:03:06,11.24,-3.93,0.02,7,7868,买盘
1678,10:03:03,11.22,-4.10,-0.01,32,35904,卖盘
1679,10:03:00,11.23,-4.02,0.01,15,16845,卖盘
1680,10:02:57,11.22,-4.10,-0.01,286,320892,卖盘
1681,10:02:54,11.23,-4.02,0.0,153,171819,买盘
1682,10:02:51,11.23,-4.02,0.0,61,68503,买盘
1683,10:02:48,11.23,-4.02,0.0,20,22460,买盘
1684,10:02:45,11.23,-4.02,0.0,174,195402,买盘
1685,10:02:42,11.23,-4.02,-0.01,123,138129,卖盘
1686,10:02:39,11.24,-3.93,0.0,20,22480,买盘
1687,10:02:36,11.24,-3.93,0.02,28,31472,买盘
1688,10:02:33,11.22,-4.10,-0.01,4,4488,卖盘
1689,10:02:30,11.23,-4.02,0.02,23,25829,中性盘
1690,10:02:27,11.21,-4.19,-0.01,268,300428,卖盘
1691,10:02:24,11.22,-4.10,-0.01,24,26928,中性盘
1692,10:02:21,11.23,-4.02,0.0,28,31444,买盘
1693,10:02:18,11.23,-4.02,0.0,434,487382,买盘
1694,10:02:15,11.23,-4.02,-0.01,44,49412,卖盘
1695,10:02:12,11.24,-3.93,-0.01,16,17984,买盘
1696,10:02:09,11.25,-3.85,0.01,436,490500,买盘
1697,10:02:06,11.24,-3.93,-0.01,41,46084,卖盘
1698,10:02:03,11.25,-3.85,0.0,9,10125,买盘
1699,10:02:00,11.25,-3.85,0.0,61,68625,买盘
1700,10:01:57,11.25,-3.85,-0.01,73,82125,卖盘
1701,10:01:54,11.26,-3.76,0.0,50,56300,买盘
1702,10:01:51,11.26,-3.76,0.0,170,191420,买盘
1703,10:01:48,11.26,-3.76,0.0,73,82198,买盘
1704,10:01:45,11.26,-3.76,0.01,523,588898,买盘
1705,10:01:42,11.25,-3.85,-0.01,349,392625,卖盘
1706,10:01:39,11.26,-3.76,0.0,41,46166,买盘
1707,10:01:36,11.26,-3.76,0.0,41,46166,买盘
1708,10:01:33,11.26,-3.76,0.01,134,150884,卖盘
1709,10:01:30,11.25,-3.85,-0.01,219,246375,卖盘
1710,10:01:27,11.26,-3.76,0.0,5,5630,卖盘
1711,10:01:24,11.26,-3.76,0.0,20,22520,卖盘
1712,10:01:21,11.26,-3.76,0.0,246,276996,买盘
1713,10:01:18,11.26,-3.76,0.01,23,25898,买盘
1714,10:01:15,11.25,-3.85,-0.01,93,104625,卖盘
1715,10:01:12,11.26,-3.76,0.0,11,12386,买盘
1716,10:01:09,11.26,-3.76,0.0,244,274744,卖盘
1717,10:01:06,11.26,-3.76,0.0,15,16890,买盘
1718,10:01:03,11.26,-3.76,0.0,294,331044,买盘
1719,10:01:00,11.26,-3.76,0.0,125,140750,买盘
1720,10:00:57,11.26,-3.76,0.0,39,43914,买盘
1721,10:00:54,11.26,-3.76,0.01,69,77694,买盘
1722,10:00:51,11.25,-3.85,0.0,166,186750,买盘
1723,10:00:48,11.25,-3.85,0.0,55,61875,买盘
1724,10:00:45,11.25,-3.85,0.01,60,67500,买盘
1725,10:00:42,11.24,-3.93,-0.01,97,109028,卖盘
1726,10:00:39,11.25,-3.85,0.01,166,186750,买盘
1727,10:00:36,11.24,-3.93,0.0,97,109028,卖盘
1728,10:00:33,11.24,-3.93,0.0,106,119144,买盘
1729,10:00:30,11.24,-3.93,0.0,656,737344,买盘
1730,10:00:27,11.24,-3.93,0.01,40,44960,买盘
1731,10:00:24,11.23,-4.02,0.0,25,28075,卖盘
1732,10:00:21,11.23,-4.02,0.0,39,43797,卖盘
1733,10:00:18,11.23,-4.02,-0.01,29,32567,卖盘
1734,10:00:15,11.24,-3.93,-0.01,9,10116,中性盘
1735,10:00:15,11.24,-3.93,0.0,9,10116,卖盘
1736,10:00:12,11.24,-3.93,0.0,200,224800,买盘
1737,10:00:09,11.24,-3.93,0.01,20,22480,买盘
1738,10:00:06,11.23,-4.02,0.01,294,330162,买盘
1739,10:00:03,11.22,-4.10,-0.01,64,71808,卖盘
1740,10:00:00,11.23,-4.02,0.0,164,184172,卖盘
1741,09:59:57,11.23,-4.02,0.0,28,31444,卖盘
1742,09:59:54,11.23,-4.02,-0.01,315,353745,卖盘
1743,09:59:51,11.24,-3.93,0.0,15,16860,买盘
1744,09:59:48,11.24,-3.93,0.0,30,33720,买盘
1745,09:59:45,11.24,-3.93,0.01,151,169724,买盘
1746,09:59:42,11.23,-4.02,-0.01,80,89840,卖盘
1747,09:59:39,11.24,-3.93,0.0,314,352936,买盘
1748,09:59:36,11.24,-3.93,-0.02,400,449600,卖盘
1749,09:59:33,11.26,-3.76,0.0,97,109222,买盘
1750,09:59:30,11.26,-3.76,0.01,73,82198,买盘
1751,09:59:27,11.25,-3.85,0.0,73,82125,卖盘
1752,09:59:24,11.25,-3.85,0.0,84,94500,卖盘
1753,09:59:21,11.25,-3.85,0.0,937,1054125,卖盘
1754,09:59:18,11.25,-3.85,0.0,156,175500,卖盘
1755,09:59:15,11.25,-3.85,0.0,31,34875,卖盘
1756,09:59:12,11.25,-3.85,-0.01,41,46125,卖盘
1757,09:59:09,11.26,-3.76,0.01,395,444770,买盘
1758,09:59:06,11.25,-3.85,-0.01,64,72000,卖盘
1759,09:59:03,11.26,-3.76,0.01,50,56300,买盘
1760,09:58:57,11.25,-3.85,0.0,86,96750,卖盘
1761,09:58:54,11.25,-3.85,0.01,91,102375,买盘
1762,09:58:51,11.24,-3.93,-0.01,100,112400,卖盘
1763,09:58:48,11.25,-3.85,0.01,3,3375,买盘
1764,09:58:45,11.24,-3.93,0.0,26,29224,卖盘
1765,09:58:42,11.24,-3.93,0.0,16,17984,买盘
1766,09:58:39,11.24,-3.93,0.0,12,13488,买盘
1767,09:58:36,11.24,-3.93,0.01,189,212436,买盘
1768,09:58:33,11.23,-4.02,0.0,10,11230,买盘
1769,09:58:30,11.23,-4.02,0.0,106,119038,买盘
1770,09:58:27,11.23,-4.02,-0.01,87,97701,卖盘
1771,09:58:24,11.24,-3.93,0.01,43,48332,卖盘
1772,09:58:21,11.23,-4.02,-0.01,35,39305,卖盘
1773,09:58:18,11.24,-3.93,0.01,152,170848,买盘
1774,09:58:12,11.23,-4.02,-0.01,23,25829,卖盘
1775,09:58:09,11.24,-3.93,0.0,142,159608,卖盘
1776,09:58:06,11.24,-3.93,0.0,13,14612,卖盘
1777,09:58:03,11.24,-3.93,0.0,5,5620,卖盘
1778,09:58:00,11.24,-3.93,0.03,460,517040,买盘
1779,09:57:57,11.21,-4.19,0.0,44,49324,卖盘
1780,09:57:54,11.21,-4.19,0.01,1019,1142299,卖盘
1781,09:57:51,11.2,-4.27,-0.01,487,545440,卖盘
1782,09:57:48,11.21,-4.19,0.01,95,106495,买盘
1783,09:57:45,11.2,-4.27,0.0,78,87360,买盘
1784,09:57:42,11.2,-4.27,0.0,39,43680,买盘
1785,09:57:39,11.2,-4.27,0.0,206,230720,买盘
1786,09:57:36,11.2,-4.27,-0.01,799,894880,卖盘
1787,09:57:33,11.21,-4.19,0.0,352,394592,买盘
1788,09:57:30,11.21,-4.19,-0.01,312,349752,买盘
1789,09:57:27,11.22,-4.10,0.01,121,135762,买盘
1790,09:57:24,11.21,-4.19,-0.02,79,88559,卖盘
1791,09:57:21,11.23,-4.02,0.03,287,322301,买盘
1792,09:57:18,11.2,-4.27,-0.01,61,68320,卖盘
1793,09:57:15,11.21,-4.19,0.01,217,243257,买盘
1794,09:57:12,11.2,-4.27,-0.01,269,301280,卖盘
1795,09:57:09,11.21,-4.19,0.0,52,58292,买盘
1796,09:57:06,11.21,-4.19,0.0,66,73986,买盘
1797,09:57:03,11.21,-4.19,0.0,165,184965,中性盘
1798,09:57:03,11.21,-4.19,0.0,165,184965,卖盘
1799,09:57:00,11.21,-4.19,0.0,202,226442,卖盘
1800,09:56:57,11.21,-4.19,0.0,252,282492,卖盘
1801,09:56:54,11.21,-4.19,-0.02,274,307154,卖盘
1802,09:56:51,11.23,-4.02,0.0,37,41551,买盘
1803,09:56:48,11.23,-4.02,-0.01,115,129145,买盘
1804,09:56:45,11.24,-3.93,0.0,44,49456,买盘
1805,09:56:42,11.24,-3.93,0.02,322,361928,买盘
1806,09:56:39,11.22,-4.10,-0.01,544,610368,卖盘
1807,09:56:36,11.23,-4.02,0.0,79,88717,买盘
1808,09:56:33,11.23,-4.02,0.0,35,39305,买盘
1809,09:56:30,11.23,-4.02,-0.01,66,74118,中性盘
1810,09:56:27,11.24,-3.93,0.0,426,478824,买盘
1811,09:56:24,11.24,-3.93,0.0,593,666532,买盘
1812,09:56:21,11.24,-3.93,0.0,108,121392,卖盘
1813,09:56:18,11.24,-3.93,-0.01,261,293364,卖盘
1814,09:56:15,11.25,-3.85,0.01,75,84375,买盘
1815,09:56:12,11.24,-3.93,0.0,148,166352,卖盘
1816,09:56:09,11.24,-3.93,0.0,22,24728,卖盘
1817,09:56:06,11.24,-3.93,-0.01,12,14601,卖盘
1818,09:56:03,11.25,-3.85,0.01,1026,1154261,买盘
1819,09:56:00,11.24,-3.93,0.02,41,46084,买盘
1820,09:55:57,11.22,-4.10,0.0,320,359040,卖盘
1821,09:55:54,11.22,-4.10,0.0,44,49368,卖盘
1822,09:55:51,11.22,-4.10,0.02,190,213180,买盘
1823,09:55:48,11.2,-4.27,0.0,48,53760,卖盘
1824,09:55:45,11.2,-4.27,0.0,27,30240,卖盘
1825,09:55:42,11.2,-4.27,0.0,320,358400,买盘
1826,09:55:39,11.2,-4.27,0.01,356,398720,买盘
1827,09:55:36,11.19,-4.36,0.02,135,151065,买盘
1828,09:55:33,11.17,-4.53,0.0,131,146327,卖盘
1829,09:55:30,11.17,-4.53,0.01,448,500416,买盘
1830,09:55:27,11.16,-4.62,-0.01,113,126108,卖盘
1831,09:55:24,11.17,-4.53,0.01,274,306058,买盘
1832,09:55:21,11.16,-4.62,-0.01,408,455328,卖盘
1833,09:55:18,11.17,-4.53,0.01,113,126221,买盘
1834,09:55:15,11.16,-4.62,0.0,103,114948,卖盘
1835,09:55:12,11.16,-4.62,-0.01,36,40176,卖盘
1836,09:55:09,11.17,-4.53,0.01,266,297122,买盘
1837,09:55:06,11.16,-4.62,0.0,480,535680,买盘
1838,09:55:03,11.16,-4.62,-0.01,245,273420,卖盘
1839,09:55:00,11.17,-4.53,0.0,79,88243,买盘
1840,09:54:57,11.17,-4.53,0.0,624,697008,买盘
1841,09:54:54,11.17,-4.53,0.01,32,35744,买盘
1842,09:54:51,11.16,-4.62,-0.04,350,390600,卖盘
1843,09:54:48,11.2,-4.27,0.0,17,19040,买盘
1844,09:54:45,11.2,-4.27,0.0,2051,2297120,买盘
1845,09:54:42,11.2,-4.27,0.0,180,201600,买盘
1846,09:54:39,11.2,-4.27,-0.01,423,473760,卖盘
1847,09:54:36,11.21,-4.19,0.0,64,71744,买盘
1848,09:54:33,11.21,-4.19,-0.01,66,73986,卖盘
1849,09:54:30,11.22,-4.10,0.0,55,61710,买盘
1850,09:54:27,11.22,-4.10,-0.02,280,314160,卖盘
1851,09:54:24,11.24,-3.93,0.0,249,279876,买盘
1852,09:54:21,11.24,-3.93,-0.01,506,568744,卖盘
1853,09:54:18,11.25,-3.85,0.01,46,51750,买盘
1854,09:54:15,11.24,-3.93,-0.01,109,122516,卖盘
1855,09:54:12,11.25,-3.85,0.0,20,22500,买盘
1856,09:54:09,11.25,-3.85,0.0,57,64125,买盘
1857,09:54:06,11.25,-3.85,0.01,6,6750,买盘
1858,09:54:03,11.24,-3.93,0.0,273,306852,买盘
1859,09:54:00,11.24,-3.93,0.01,185,207940,卖盘
1860,09:53:57,11.23,-4.02,-0.01,14,15722,卖盘
1861,09:53:54,11.24,-3.93,0.0,243,273132,买盘
1862,09:53:51,11.24,-3.93,0.0,57,64068,中性盘
1863,09:53:51,11.24,-3.93,0.01,57,64068,买盘
1864,09:53:48,11.23,-4.02,0.01,121,135883,买盘
1865,09:53:45,11.22,-4.10,0.0,163,182886,买盘
1866,09:53:42,11.22,-4.10,-0.01,187,209814,卖盘
1867,09:53:39,11.23,-4.02,0.01,17,19091,买盘
1868,09:53:36,11.22,-4.10,0.02,161,180642,买盘
1869,09:53:33,11.2,-4.27,0.01,136,152320,中性盘
1870,09:53:30,11.19,-4.36,-0.01,184,205896,卖盘
1871,09:53:27,11.2,-4.27,0.01,52,58240,买盘
1872,09:53:24,11.19,-4.36,0.0,461,515859,卖盘
1873,09:53:21,11.19,-4.36,0.01,33,36927,中性盘
1874,09:53:18,11.18,-4.44,-0.01,55,61490,卖盘
1875,09:53:15,11.19,-4.36,0.0,117,130923,买盘
1876,09:53:12,11.19,-4.36,0.01,130,145470,买盘
1877,09:53:09,11.18,-4.44,0.0,244,272792,卖盘
1878,09:53:06,11.18,-4.44,0.01,24,26832,中性盘
1879,09:53:03,11.17,-4.53,0.0,98,109466,卖盘
1880,09:53:00,11.17,-4.53,0.0,153,170901,卖盘
1881,09:52:57,11.17,-4.53,0.0,327,365259,卖盘
1882,09:52:54,11.17,-4.53,0.0,152,169784,卖盘
1883,09:52:51,11.17,-4.53,0.0,97,108349,中性盘
1884,09:52:48,11.17,-4.53,0.01,258,288186,买盘
1885,09:52:45,11.16,-4.62,-0.01,262,292392,卖盘
1886,09:52:42,11.17,-4.53,-0.01,802,895834,卖盘
1887,09:52:39,11.18,-4.44,-0.01,189,211302,卖盘
1888,09:52:36,11.19,-4.36,0.0,160,179040,买盘
1889,09:52:33,11.19,-4.36,0.0,721,806799,买盘
1890,09:52:30,11.19,-4.36,0.01,380,425220,买盘
1891,09:52:27,11.18,-4.44,-0.01,116,129688,卖盘
1892,09:52:24,11.19,-4.36,0.0,190,212610,买盘
1893,09:52:21,11.19,-4.36,0.0,288,322272,买盘
1894,09:52:18,11.19,-4.36,0.0,1263,1413297,卖盘
1895,09:52:15,11.19,-4.36,0.0,185,207015,卖盘
1896,09:52:12,11.19,-4.36,0.0,319,356961,卖盘
1897,09:52:09,11.19,-4.36,0.02,76,85044,中性盘
1898,09:52:06,11.17,-4.53,-0.01,651,727167,卖盘
1899,09:52:03,11.18,-4.44,0.0,67,74906,卖盘
1900,09:52:00,11.18,-4.44,0.01,124,138632,中性盘
1901,09:51:57,11.17,-4.53,0.0,467,521639,卖盘
1902,09:51:54,11.17,-4.53,0.01,1247,1392899,卖盘
1903,09:51:51,11.16,-4.62,-0.02,513,572508,卖盘
1904,09:51:48,11.18,-4.44,0.01,102,114036,买盘
1905,09:51:45,11.17,-4.53,-0.02,372,415524,卖盘
1906,09:51:42,11.19,-4.36,0.01,144,161136,买盘
1907,09:51:39,11.18,-4.44,-0.01,149,166582,卖盘
1908,09:51:36,11.19,-4.36,0.01,159,177921,买盘
1909,09:51:33,11.18,-4.44,0.0,153,171054,买盘
1910,09:51:30,11.18,-4.44,0.0,241,269438,买盘
1911,09:51:27,11.18,-4.44,-0.01,244,272792,卖盘
1912,09:51:24,11.19,-4.36,-0.01,13,14547,买盘
1913,09:51:21,11.2,-4.27,0.0,125,140000,买盘
1914,09:51:18,11.2,-4.27,0.0,1551,1737120,买盘
1915,09:51:15,11.2,-4.27,0.01,156,174720,买盘
1916,09:51:12,11.19,-4.36,-0.01,310,346890,卖盘
1917,09:51:09,11.2,-4.27,0.0,299,334880,买盘
1918,09:51:06,11.2,-4.27,0.0,893,1000160,卖盘
1919,09:51:03,11.2,-4.27,0.0,274,306880,卖盘
1920,09:51:00,11.2,-4.27,-0.01,994,1113280,卖盘
1921,09:50:57,11.21,-4.19,0.0,239,267919,买盘
1922,09:50:54,11.21,-4.19,-0.03,5128,5748488,卖盘
1923,09:50:51,11.24,-3.93,0.0,141,158484,买盘
1924,09:50:48,11.24,-3.93,0.01,140,157360,买盘
1925,09:50:45,11.23,-4.02,-0.02,380,426740,卖盘
1926,09:50:42,11.25,-3.85,0.0,178,200250,卖盘
1927,09:50:39,11.25,-3.85,0.0,536,603000,中性盘
1928,09:50:39,11.25,-3.85,0.02,536,603000,买盘
1929,09:50:36,11.23,-4.02,-0.02,276,309948,卖盘
1930,09:50:33,11.25,-3.85,0.02,128,144000,买盘
1931,09:50:30,11.23,-4.02,-0.02,184,206632,卖盘
1932,09:50:27,11.25,-3.85,0.0,42,47250,卖盘
1933,09:50:24,11.25,-3.85,0.02,233,262125,买盘
1934,09:50:21,11.23,-4.02,-0.02,454,509842,卖盘
1935,09:50:18,11.25,-3.85,0.0,325,365625,买盘
1936,09:50:15,11.25,-3.85,0.0,56,63000,买盘
1937,09:50:12,11.25,-3.85,0.0,60,67500,买盘
1938,09:50:09,11.25,-3.85,0.0,327,367875,买盘
1939,09:50:06,11.25,-3.85,0.0,64,72000,买盘
1940,09:50:03,11.25,-3.85,0.0,115,129375,买盘
1941,09:50:00,11.25,-3.85,0.0,278,312750,买盘
1942,09:49:57,11.25,-3.85,0.0,108,121500,卖盘
1943,09:49:54,11.25,-3.85,0.0,217,244125,买盘
1944,09:49:51,11.25,-3.85,-0.01,217,244125,卖盘
1945,09:49:48,11.26,-3.76,0.01,83,93458,买盘
1946,09:49:45,11.25,-3.85,-0.01,77,86625,卖盘
1947,09:49:42,11.26,-3.76,0.02,201,226326,买盘
1948,09:49:39,11.24,-3.93,-0.01,456,512544,卖盘
1949,09:49:36,11.25,-3.85,0.0,180,202500,买盘
1950,09:49:33,11.25,-3.85,0.0,140,157500,买盘
1951,09:49:30,11.25,-3.85,-0.02,1375,1547426,卖盘
1952,09:49:27,11.27,-3.68,0.0,176,198352,买盘
1953,09:49:24,11.27,-3.68,0.0,290,326830,买盘
1954,09:49:21,11.27,-3.68,0.0,185,208495,买盘
1955,09:49:18,11.27,-3.68,0.01,227,255829,买盘
1956,09:49:15,11.26,-3.76,0.0,154,173404,卖盘
1957,09:49:12,11.26,-3.76,0.0,408,459408,卖盘
1958,09:49:09,11.26,-3.76,-0.02,139,156514,卖盘
1959,09:49:06,11.28,-3.59,0.01,552,622656,买盘
1960,09:49:03,11.27,-3.68,-0.01,306,344862,卖盘
1961,09:49:00,11.28,-3.59,0.0,172,194591,买盘
1962,09:48:57,11.28,-3.59,0.0,91,102648,买盘
1963,09:48:54,11.28,-3.59,0.01,230,259440,买盘
1964,09:48:51,11.27,-3.68,-0.01,593,668311,卖盘
1965,09:48:48,11.28,-3.59,0.02,361,407208,买盘
1966,09:48:45,11.26,-3.76,0.0,479,539354,卖盘
1967,09:48:42,11.26,-3.76,-0.01,84,94584,卖盘
1968,09:48:39,11.27,-3.68,0.0,687,774249,卖盘
1969,09:48:36,11.27,-3.68,0.0,270,304290,卖盘
1970,09:48:33,11.27,-3.68,0.0,101,113827,卖盘
1971,09:48:30,11.27,-3.68,-0.01,152,171304,卖盘
1972,09:48:27,11.28,-3.59,0.01,65,73320,买盘
1973,09:48:24,11.27,-3.68,0.0,459,517293,卖盘
1974,09:48:21,11.27,-3.68,-0.01,151,170177,卖盘
1975,09:48:18,11.28,-3.59,0.01,431,486168,买盘
1976,09:48:15,11.27,-3.68,-0.01,233,262591,卖盘
1977,09:48:12,11.28,-3.59,0.0,49,55272,买盘
1978,09:48:09,11.28,-3.59,0.0,653,736584,卖盘
1979,09:48:06,11.28,-3.59,0.0,243,274104,卖盘
1980,09:48:03,11.28,-3.59,-0.01,163,183864,卖盘
1981,09:48:00,11.29,-3.50,0.0,111,125319,买盘
1982,09:47:57,11.29,-3.50,-0.01,886,1000294,卖盘
1983,09:47:54,11.3,-3.42,0.0,25,28250,卖盘
1984,09:47:51,11.3,-3.42,-0.01,130,146900,卖盘
1985,09:47:48,11.31,-3.33,0.01,115,130065,中性盘
1986,09:47:45,11.3,-3.42,0.0,85,96050,卖盘
1987,09:47:42,11.3,-3.42,-0.01,113,127690,卖盘
1988,09:47:39,11.31,-3.33,0.0,125,141375,买盘
1989,09:47:36,11.31,-3.33,0.0,135,152685,买盘
1990,09:47:33,11.31,-3.33,-0.02,40,45240,卖盘
1991,09:47:30,11.33,-3.16,0.0,467,529111,买盘
1992,09:47:27,11.33,-3.16,0.0,244,276452,中性盘
1993,09:47:27,11.33,-3.16,-0.02,244,276452,卖盘
1994,09:47:24,11.35,-2.99,0.0,148,167980,买盘
1995,09:47:21,11.35,-2.99,-0.01,110,124850,中性盘
1996,09:47:18,11.36,-2.91,0.0,38,43168,买盘
1997,09:47:15,11.36,-2.91,-0.01,813,923568,卖盘
1998,09:47:12,11.37,-2.82,0.0,55,62535,中性盘
1999,09:47:09,11.37,-2.82,0.01,228,259236,买盘
2000,09:47:06,11.36,-2.91,-0.01,100,113600,卖盘
2001,09:47:03,11.37,-2.82,0.0,260,295620,买盘
2002,09:47:00,11.37,-2.82,0.02,148,168276,买盘
2003,09:46:57,11.35,-2.99,-0.01,453,514155,卖盘
2004,09:46:54,11.36,-2.91,0.0,210,238560,卖盘
2005,09:46:51,11.36,-2.91,0.0,49,55664,买盘
2006,09:46:48,11.36,-2.91,0.01,133,151088,买盘
2007,09:46:45,11.35,-2.99,-0.01,15,17025,卖盘
2008,09:46:42,11.36,-2.91,0.01,962,1092832,买盘
2009,09:46:39,11.35,-2.99,-0.01,61,69235,卖盘
2010,09:46:36,11.36,-2.91,0.01,109,123824,买盘
2011,09:46:33,11.35,-2.99,-0.01,157,178195,卖盘
2012,09:46:30,11.36,-2.91,0.01,174,197664,买盘
2013,09:46:27,11.35,-2.99,0.01,113,128255,买盘
2014,09:46:24,11.34,-3.08,-0.01,63,71442,卖盘
2015,09:46:21,11.35,-2.99,0.01,295,334825,买盘
2016,09:46:18,11.34,-3.08,0.0,200,226800,买盘
2017,09:46:15,11.34,-3.08,0.01,504,571536,买盘
2018,09:46:12,11.33,-3.16,-0.01,281,318373,卖盘
2019,09:46:09,11.34,-3.08,0.0,109,123606,买盘
2020,09:46:06,11.34,-3.08,0.0,482,546588,买盘
2021,09:46:03,11.34,-3.08,0.0,41,46494,买盘
2022,09:46:00,11.34,-3.08,0.0,101,114534,买盘
2023,09:45:57,11.34,-3.08,0.01,336,381024,卖盘
2024,09:45:54,11.33,-3.16,-0.01,109,123497,卖盘
2025,09:45:48,11.34,-3.08,0.02,57,64638,买盘
2026,09:45:45,11.32,-3.25,0.0,203,229796,卖盘
2027,09:45:42,11.32,-3.25,-0.01,168,190176,卖盘
2028,09:45:39,11.33,-3.16,0.0,203,229999,买盘
2029,09:45:36,11.33,-3.16,0.0,140,158620,买盘
2030,09:45:33,11.33,-3.16,-0.02,100,113300,中性盘
2031,09:45:30,11.35,-2.99,0.03,145,164575,买盘
2032,09:45:27,11.32,-3.25,0.0,112,126784,卖盘
2033,09:45:24,11.32,-3.25,0.0,188,212816,卖盘
2034,09:45:21,11.32,-3.25,0.0,100,113200,卖盘
2035,09:45:18,11.32,-3.25,0.02,92,104144,买盘
2036,09:45:15,11.3,-3.42,-0.02,157,177410,卖盘
2037,09:45:12,11.32,-3.25,0.01,402,455064,买盘
2038,09:45:09,11.31,-3.33,-0.01,207,234117,中性盘
2039,09:45:06,11.32,-3.25,0.02,143,161876,买盘
2040,09:45:03,11.3,-3.42,0.0,163,184190,卖盘
2041,09:45:00,11.3,-3.42,-0.02,122,137860,卖盘
2042,09:44:57,11.32,-3.25,0.04,640,724480,买盘
2043,09:44:54,11.28,-3.59,-0.02,73,82344,卖盘
2044,09:44:51,11.3,-3.42,0.02,373,421490,买盘
2045,09:44:48,11.28,-3.59,0.0,775,874200,卖盘
2046,09:44:45,11.28,-3.59,0.0,278,313584,买盘
2047,09:44:42,11.28,-3.59,0.02,267,301176,买盘
2048,09:44:39,11.26,-3.76,-0.01,307,345682,卖盘
2049,09:44:36,11.27,-3.68,-0.01,568,640136,卖盘
2050,09:44:33,11.28,-3.59,0.01,1583,1785624,买盘
2051,09:44:30,11.27,-3.68,0.0,5187,5845749,卖盘
2052,09:44:27,11.27,-3.68,-0.01,733,826091,卖盘
2053,09:44:24,11.28,-3.59,0.0,370,417360,中性盘
2054,09:44:21,11.28,-3.59,0.01,109,122952,买盘
2055,09:44:18,11.27,-3.68,-0.01,509,573643,卖盘
2056,09:44:15,11.28,-3.59,-0.01,366,412848,中性盘
2057,09:44:15,11.28,-3.59,-0.01,366,412848,卖盘
2058,09:44:12,11.29,-3.50,0.01,860,970940,买盘
2059,09:44:09,11.28,-3.59,0.0,924,1042272,卖盘
2060,09:44:06,11.28,-3.59,-0.01,507,571896,卖盘
2061,09:44:03,11.29,-3.50,0.0,199,224671,买盘
2062,09:44:00,11.29,-3.50,-0.01,511,576919,中性盘
2063,09:43:57,11.3,-3.42,0.01,995,1124350,中性盘
2064,09:43:54,11.29,-3.50,-0.01,1878,2120262,卖盘
2065,09:43:51,11.3,-3.42,-0.01,872,985360,中性盘
2066,09:43:48,11.31,-3.33,0.01,2446,2766426,买盘
2067,09:43:45,11.3,-3.42,-0.01,1056,1193280,卖盘
2068,09:43:42,11.31,-3.33,0.0,373,421863,买盘
2069,09:43:39,11.31,-3.33,0.0,801,905931,买盘
2070,09:43:36,11.31,-3.33,-0.01,239,270309,卖盘
2071,09:43:33,11.32,-3.25,0.01,33,37356,买盘
2072,09:43:30,11.31,-3.33,-0.02,442,499902,卖盘
2073,09:43:27,11.33,-3.16,0.0,90,101970,买盘
2074,09:43:24,11.33,-3.16,0.0,350,396550,买盘
2075,09:43:21,11.33,-3.16,-0.01,623,705859,卖盘
2076,09:43:18,11.34,-3.08,0.0,324,367416,买盘
2077,09:43:15,11.34,-3.08,-0.01,114,129276,卖盘
2078,09:43:12,11.35,-2.99,0.0,353,400655,买盘
2079,09:43:09,11.35,-2.99,-0.02,253,287155,卖盘
2080,09:43:06,11.37,-2.82,0.02,1213,1379181,买盘
2081,09:43:03,11.35,-2.99,0.01,33,37455,买盘
2082,09:43:00,11.34,-3.08,0.0,383,434322,卖盘
2083,09:42:57,11.34,-3.08,-0.01,117,132678,卖盘
2084,09:42:54,11.35,-2.99,0.02,88,99880,买盘
2085,09:42:51,11.33,-3.16,-0.01,246,278718,卖盘
2086,09:42:48,11.34,-3.08,0.01,167,189378,买盘
2087,09:42:45,11.33,-3.16,-0.01,116,131428,卖盘
2088,09:42:42,11.34,-3.08,0.01,259,293706,买盘
2089,09:42:39,11.33,-3.16,0.01,443,501919,买盘
2090,09:42:36,11.32,-3.25,0.0,64,72448,卖盘
2091,09:42:33,11.32,-3.25,0.0,99,112068,卖盘
2092,09:42:30,11.32,-3.25,0.0,166,187912,买盘
2093,09:42:27,11.32,-3.25,0.0,47,53204,买盘
2094,09:42:24,11.32,-3.25,-0.01,439,496948,卖盘
2095,09:42:21,11.33,-3.16,0.01,1223,1385659,中性盘
2096,09:42:18,11.32,-3.25,-0.01,218,246776,中性盘
2097,09:42:15,11.33,-3.16,0.02,148,167684,买盘
2098,09:42:12,11.31,-3.33,0.01,146,165126,买盘
2099,09:42:09,11.3,-3.42,-0.01,300,339000,卖盘
2100,09:42:06,11.31,-3.33,0.0,62,70122,买盘
2101,09:42:03,11.31,-3.33,0.0,82,92742,买盘
2102,09:42:00,11.31,-3.33,-0.01,56,63336,卖盘
2103,09:41:57,11.32,-3.25,0.02,95,107540,买盘
2104,09:41:54,11.3,-3.42,0.0,254,287562,卖盘
2105,09:41:51,11.3,-3.42,-0.04,70,79100,卖盘
2106,09:41:48,11.34,-3.08,0.04,144,163886,买盘
2107,09:41:45,11.3,-3.42,0.0,241,272330,买盘
2108,09:41:42,11.3,-3.42,-0.03,1094,1236220,卖盘
2109,09:41:39,11.33,-3.16,0.0,305,345565,卖盘
2110,09:41:36,11.33,-3.16,-0.01,245,277585,卖盘
2111,09:41:33,11.34,-3.08,0.01,276,312984,买盘
2112,09:41:30,11.33,-3.16,0.0,221,250393,买盘
2113,09:41:27,11.33,-3.16,0.03,186,210738,中性盘
2114,09:41:24,11.3,-3.42,-0.02,257,290410,卖盘
2115,09:41:21,11.32,-3.25,0.02,325,367900,买盘
2116,09:41:18,11.3,-3.42,0.01,92,103960,买盘
2117,09:41:15,11.29,-3.50,0.0,115,129835,卖盘
2118,09:41:12,11.29,-3.50,0.0,300,338700,卖盘
2119,09:41:09,11.29,-3.50,0.0,395,445955,买盘
2120,09:41:06,11.29,-3.50,0.0,135,152415,买盘
2121,09:41:03,11.29,-3.50,0.0,50,56450,中性盘
2122,09:41:03,11.29,-3.50,0.0,50,56450,买盘
2123,09:41:00,11.29,-3.50,0.0,647,730463,买盘
2124,09:40:57,11.29,-3.50,0.01,242,273218,买盘
2125,09:40:54,11.28,-3.59,0.01,270,304560,买盘
2126,09:40:51,11.27,-3.68,-0.01,495,557865,卖盘
2127,09:40:48,11.28,-3.59,0.01,299,337272,买盘
2128,09:40:45,11.27,-3.68,-0.01,895,1008665,卖盘
2129,09:40:42,11.28,-3.59,0.02,272,306816,买盘
2130,09:40:39,11.26,-3.76,0.0,258,290508,卖盘
2131,09:40:36,11.26,-3.76,0.0,291,327666,卖盘
2132,09:40:33,11.26,-3.76,0.0,147,165522,卖盘
2133,09:40:30,11.26,-3.76,0.0,187,210562,卖盘
2134,09:40:27,11.26,-3.76,-0.02,278,313028,卖盘
2135,09:40:24,11.28,-3.59,0.02,125,141000,买盘
2136,09:40:21,11.26,-3.76,0.01,182,204932,买盘
2137,09:40:18,11.25,-3.85,-0.01,247,277875,卖盘
2138,09:40:15,11.26,-3.76,0.0,187,210562,卖盘
2139,09:40:12,11.26,-3.76,-0.02,197,221822,卖盘
2140,09:40:09,11.28,-3.59,0.03,44,49632,中性盘
2141,09:40:06,11.25,-3.85,-0.04,229,257625,卖盘
2142,09:40:03,11.29,-3.50,0.0,2962,3344098,卖盘
2143,09:40:00,11.29,-3.50,0.0,752,849008,买盘
2144,09:39:57,11.29,-3.50,0.0,222,250638,买盘
2145,09:39:54,11.29,-3.50,0.01,264,298056,买盘
2146,09:39:51,11.28,-3.59,-0.01,853,962184,卖盘
2147,09:39:48,11.29,-3.50,0.0,444,501276,卖盘
2148,09:39:45,11.29,-3.50,-0.01,572,645788,卖盘
2149,09:39:42,11.3,-3.42,0.01,365,412450,买盘
2150,09:39:39,11.29,-3.50,-0.01,493,556597,卖盘
2151,09:39:36,11.3,-3.42,-0.01,1098,1241678,卖盘
2152,09:39:33,11.31,-3.33,0.0,157,177567,买盘
2153,09:39:30,11.31,-3.33,0.01,108,122148,买盘
2154,09:39:27,11.3,-3.42,0.0,284,320920,卖盘
2155,09:39:24,11.3,-3.42,0.0,930,1051092,卖盘
2156,09:39:21,11.3,-3.42,0.0,126,142380,买盘
2157,09:39:18,11.3,-3.42,0.0,888,1003440,买盘
2158,09:39:15,11.3,-3.42,-0.01,139,157070,卖盘
2159,09:39:12,11.31,-3.33,0.01,819,926775,买盘
2160,09:39:09,11.3,-3.42,0.0,471,532230,卖盘
2161,09:39:06,11.3,-3.42,0.0,3841,4340974,卖盘
2162,09:39:03,11.3,-3.42,-0.02,527,595962,卖盘
2163,09:39:00,11.32,-3.25,0.0,371,419972,卖盘
2164,09:38:57,11.32,-3.25,0.01,219,248587,买盘
2165,09:38:54,11.31,-3.33,-0.02,445,503747,卖盘
2166,09:38:51,11.33,-3.16,-0.01,210,237930,中性盘
2167,09:38:48,11.34,-3.08,0.0,1451,1645434,买盘
2168,09:38:45,11.34,-3.08,-0.01,1313,1488942,卖盘
2169,09:38:42,11.35,-2.99,0.0,403,457405,买盘
2170,09:38:39,11.35,-2.99,0.0,602,683270,卖盘
2171,09:38:36,11.35,-2.99,-0.02,583,661705,卖盘
2172,09:38:33,11.37,-2.82,0.0,1057,1201809,买盘
2173,09:38:30,11.37,-2.82,-0.03,208,236496,卖盘
2174,09:38:27,11.4,-2.56,-0.01,1441,1642740,卖盘
2175,09:38:24,11.41,-2.48,0.01,100,114100,买盘
2176,09:38:21,11.4,-2.56,0.0,107,121980,买盘
2177,09:38:18,11.4,-2.56,-0.03,579,660060,卖盘
2178,09:38:15,11.43,-2.31,-0.01,385,440055,中性盘
2179,09:38:12,11.44,-2.22,0.04,304,347776,买盘
2180,09:38:09,11.4,-2.56,-0.02,1163,1325820,卖盘
2181,09:38:06,11.42,-2.39,0.0,253,288926,买盘
2182,09:38:03,11.42,-2.39,0.0,99,113058,卖盘
2183,09:38:00,11.42,-2.39,0.01,233,266086,买盘
2184,09:37:57,11.41,-2.48,-0.01,119,135779,卖盘
2185,09:37:54,11.42,-2.39,0.03,176,200992,买盘
2186,09:37:51,11.39,-2.65,0.0,252,287028,卖盘
2187,09:37:51,11.39,-2.65,0.0,252,287028,中性盘
2188,09:37:51,11.39,-2.65,-0.01,252,287028,卖盘
2189,09:37:48,11.4,-2.56,0.0,179,204060,卖盘
2190,09:37:45,11.4,-2.56,0.01,756,861840,买盘
2191,09:37:42,11.39,-2.65,0.01,69,78591,买盘
2192,09:37:39,11.38,-2.74,0.02,123,139974,中性盘
2193,09:37:36,11.36,-2.91,-0.03,35,39760,卖盘
2194,09:37:33,11.39,-2.65,0.04,72,82008,买盘
2195,09:37:30,11.35,-2.99,0.0,1267,1438045,卖盘
2196,09:37:27,11.35,-2.99,-0.01,277,314395,卖盘
2197,09:37:24,11.36,-2.91,-0.01,189,214704,卖盘
2198,09:37:21,11.37,-2.82,0.0,112,127344,买盘
2199,09:37:18,11.37,-2.82,-0.01,40,45480,中性盘
2200,09:37:15,11.38,-2.74,0.03,358,407404,买盘
2201,09:37:12,11.35,-2.99,-0.02,148,167980,卖盘
2202,09:37:09,11.37,-2.82,0.02,1633,1856721,买盘
2203,09:37:06,11.35,-2.99,0.0,1779,2019165,买盘
2204,09:37:03,11.35,-2.99,0.0,248,281480,买盘
2205,09:37:00,11.35,-2.99,-0.03,767,870545,卖盘
2206,09:36:57,11.38,-2.74,-0.01,170,193460,中性盘
2207,09:36:54,11.39,-2.65,0.0,1401,1595739,买盘
2208,09:36:51,11.39,-2.65,0.02,198,225522,买盘
2209,09:36:48,11.37,-2.82,-0.01,274,311538,中性盘
2210,09:36:45,11.38,-2.74,0.01,1236,1406568,买盘
2211,09:36:42,11.37,-2.82,-0.01,138,156906,卖盘
2212,09:36:39,11.38,-2.74,0.0,81,92178,买盘
2213,09:36:36,11.38,-2.74,-0.01,216,245808,卖盘
2214,09:36:33,11.39,-2.65,0.02,382,435098,买盘
2215,09:36:30,11.37,-2.82,0.01,3364,3824868,买盘
2216,09:36:27,11.36,-2.91,-0.02,1547,1757392,卖盘
2217,09:36:24,11.38,-2.74,0.01,687,781806,买盘
2218,09:36:21,11.37,-2.82,0.0,873,992601,买盘
2219,09:36:18,11.37,-2.82,0.0,311,353607,卖盘
2220,09:36:15,11.37,-2.82,0.0,1218,1384866,买盘
2221,09:36:12,11.37,-2.82,0.01,637,724269,买盘
2222,09:36:09,11.36,-2.91,0.0,953,1082608,卖盘
2223,09:36:06,11.36,-2.91,-0.01,221,251056,卖盘
2224,09:36:03,11.37,-2.82,0.02,70,79590,买盘
2225,09:36:00,11.35,-2.99,-0.01,115,130525,卖盘
2226,09:35:57,11.36,-2.91,0.01,301,341936,买盘
2227,09:35:54,11.35,-2.99,0.01,850,964750,买盘
2228,09:35:51,11.34,-3.08,0.0,141,159894,卖盘
2229,09:35:48,11.34,-3.08,0.0,288,326592,买盘
2230,09:35:45,11.34,-3.08,0.0,1060,1202040,买盘
2231,09:35:42,11.34,-3.08,0.01,1254,1422036,中性盘
2232,09:35:39,11.33,-3.16,0.0,151,171083,卖盘
2233,09:35:36,11.33,-3.16,0.01,336,381368,卖盘
2234,09:35:33,11.32,-3.25,-0.01,438,495816,卖盘
2235,09:35:30,11.33,-3.16,0.02,258,292314,买盘
2236,09:35:27,11.31,-3.33,-0.01,1141,1290471,卖盘
2237,09:35:24,11.32,-3.25,0.02,517,585244,中性盘
2238,09:35:21,11.3,-3.42,-0.03,830,937900,卖盘
2239,09:35:18,11.33,-3.16,0.02,617,699061,买盘
2240,09:35:15,11.31,-3.33,-0.02,714,807534,卖盘
2241,09:35:12,11.33,-3.16,-0.02,376,426008,中性盘
2242,09:35:09,11.35,-2.99,0.01,1260,1430100,买盘
2243,09:35:06,11.34,-3.08,-0.01,743,842562,卖盘
2244,09:35:03,11.35,-2.99,-0.03,816,926523,卖盘
2245,09:35:00,11.38,-2.74,0.02,530,603140,中性盘
2246,09:34:57,11.36,-2.91,-0.02,260,295360,卖盘
2247,09:34:54,11.38,-2.74,0.02,91,103558,中性盘
2248,09:34:51,11.36,-2.91,-0.04,410,465760,卖盘
2249,09:34:48,11.4,-2.56,-0.02,1603,1827420,卖盘
2250,09:34:45,11.42,-2.39,-0.02,284,324328,中性盘
2251,09:34:42,11.44,-2.22,0.04,849,971256,买盘
2252,09:34:39,11.4,-2.56,0.0,648,738720,卖盘
2253,09:34:39,11.4,-2.56,0.0,648,738720,中性盘
2254,09:34:39,11.4,-2.56,-0.04,648,738720,卖盘
2255,09:34:36,11.44,-2.22,0.04,310,354640,中性盘
2256,09:34:33,11.4,-2.56,-0.05,4084,4655806,卖盘
2257,09:34:30,11.45,-2.14,-0.01,379,433955,卖盘
2258,09:34:27,11.46,-2.05,0.01,468,536328,买盘
2259,09:34:24,11.45,-2.14,-0.02,712,815240,卖盘
2260,09:34:21,11.47,-1.97,0.0,850,974950,卖盘
2261,09:34:18,11.47,-1.97,-0.01,1481,1699739,卖盘
2262,09:34:15,11.48,-1.88,-0.01,1255,1440855,卖盘
2263,09:34:12,11.49,-1.79,-0.03,1161,1333989,卖盘
2264,09:34:09,11.52,-1.54,0.0,286,329472,卖盘
2265,09:34:06,11.52,-1.54,-0.01,977,1125504,卖盘
2266,09:34:03,11.53,-1.45,0.01,153,176409,买盘
2267,09:34:00,11.52,-1.54,0.01,1389,1600128,买盘
2268,09:33:57,11.51,-1.62,0.01,622,715922,买盘
2269,09:33:54,11.5,-1.71,0.01,234,269100,卖盘
2270,09:33:51,11.49,-1.79,0.0,150,172350,卖盘
2271,09:33:48,11.49,-1.79,-0.01,413,474537,卖盘
2272,09:33:45,11.5,-1.71,0.02,579,665850,买盘
2273,09:33:42,11.48,-1.88,-0.02,263,301924,卖盘
2274,09:33:39,11.5,-1.71,0.01,305,350750,买盘
2275,09:33:36,11.49,-1.79,0.02,328,376872,买盘
2276,09:33:33,11.47,-1.97,0.0,69,79143,卖盘
2277,09:33:30,11.47,-1.97,0.0,1432,1642504,买盘
2278,09:33:27,11.47,-1.97,0.0,807,926592,买盘
2279,09:33:24,11.47,-1.97,0.0,431,494357,买盘
2280,09:33:21,11.47,-1.97,-0.01,573,657231,卖盘
2281,09:33:18,11.48,-1.88,0.0,274,314552,买盘
2282,09:33:15,11.48,-1.88,0.01,615,706020,买盘
2283,09:33:12,11.47,-1.97,0.0,490,562030,买盘
2284,09:33:09,11.47,-1.97,0.0,218,250046,买盘
2285,09:33:06,11.47,-1.97,0.0,395,453065,买盘
2286,09:33:03,11.47,-1.97,0.0,514,589558,买盘
2287,09:33:00,11.47,-1.97,0.01,435,498945,中性盘
2288,09:32:57,11.46,-2.05,0.0,61,69906,卖盘
2289,09:32:54,11.46,-2.05,0.03,320,366720,卖盘
2290,09:32:51,11.43,-2.31,-0.02,1047,1196721,卖盘
2291,09:32:48,11.45,-2.14,-0.02,239,273655,卖盘
2292,09:32:45,11.47,-1.97,0.02,610,699670,买盘
2293,09:32:42,11.45,-2.14,-0.02,642,735090,卖盘
2294,09:32:39,11.47,-1.97,0.02,972,1114884,买盘
2295,09:32:36,11.45,-2.14,0.02,574,657230,买盘
2296,09:32:33,11.43,-2.31,-0.01,875,1000125,卖盘
2297,09:32:30,11.44,-2.22,0.01,270,308880,买盘
2298,09:32:27,11.43,-2.31,0.0,1553,1775079,买盘
2299,09:32:24,11.43,-2.31,0.0,1304,1490472,买盘
2300,09:32:21,11.43,-2.31,0.01,594,678942,中性盘
2301,09:32:18,11.42,-2.39,-0.03,381,435102,卖盘
2302,09:32:15,11.45,-2.14,0.0,502,575706,买盘
2303,09:32:12,11.45,-2.14,-0.01,430,492350,卖盘
2304,09:32:09,11.46,-2.05,0.01,605,693330,中性盘
2305,09:32:06,11.45,-2.14,-0.01,558,638910,卖盘
2306,09:32:03,11.46,-2.05,0.0,685,785010,卖盘
2307,09:32:00,11.46,-2.05,0.0,679,778134,卖盘
2308,09:31:57,11.46,-2.05,-0.01,241,276186,卖盘
2309,09:31:54,11.47,-1.97,0.0,376,431272,买盘
2310,09:31:51,11.47,-1.97,-0.01,248,284456,卖盘
2311,09:31:48,11.48,-1.88,-0.02,1215,1394820,卖盘
2312,09:31:45,11.5,-1.71,0.02,487,560050,中性盘
2313,09:31:42,11.48,-1.88,-0.02,1168,1340864,卖盘
2314,09:31:39,11.5,-1.71,-0.01,148,170200,中性盘
2315,09:31:36,11.51,-1.62,0.0,233,268183,买盘
2316,09:31:33,11.51,-1.62,-0.01,106,122006,卖盘
2317,09:31:30,11.52,-1.54,0.0,394,453888,买盘
2318,09:31:27,11.52,-1.54,0.0,455,524160,买盘
2319,09:31:27,11.52,-1.54,0.0,455,524160,中性盘
2320,09:31:27,11.52,-1.54,-0.02,455,524160,卖盘
2321,09:31:24,11.54,-1.37,0.0,2945,3398530,买盘
2322,09:31:21,11.54,-1.37,-0.02,895,1032830,卖盘
2323,09:31:18,11.56,-1.20,0.0,578,668168,买盘
2324,09:31:15,11.56,-1.20,-0.01,235,271660,买盘
2325,09:31:12,11.57,-1.11,0.01,951,1100307,买盘
2326,09:31:09,11.56,-1.20,0.0,193,223108,卖盘
2327,09:31:06,11.56,-1.20,0.01,926,1070456,买盘
